<?xml version="1.0" encoding="UTF-8"?>
<collection> <record><leader>04063nab a2200637 u 4500</leader><controlfield tag="001">9915715072607426</controlfield><controlfield tag="005">20221119230701.0</controlfield><controlfield tag="008">220930e20180102xx |||||o|||||||||||eng||</controlfield><datafield tag="" ind1="7" ind2=" "><subfield code="a">IND606946813</subfield><subfield code="2">DNAL</subfield></datafield><datafield tag="024" ind1="7" ind2=" "><subfield code="a">10.1080/13416979.2017.1418162</subfield><subfield code="2">doi</subfield></datafield><datafield tag="035" ind1=" " ind2=" "><subfield code="a">agid:6946813-01nal_inst</subfield></datafield><datafield tag="040" ind1=" " ind2=" "><subfield code="a">AGL</subfield><subfield code="b">eng</subfield><subfield code="c">AGL</subfield></datafield><datafield tag="100" ind1="1" ind2=" "><subfield code="a">Shoko, Ito</subfield><subfield code="e">author</subfield><subfield code="u">Fukushima Branch, National Institute for Environmental Studies, Tamuragunn, Japan</subfield></datafield><datafield tag="245" ind1="1" ind2="0"><subfield code="a">Effect of mass of organic layers on variation in ¹³⁷Cs distribution in soil in different forest types after the Fukushima nuclear accident</subfield></datafield><datafield tag="300" ind1=" " ind2=" "><subfield code="a">p. 28-34.</subfield></datafield><datafield tag="520" ind1=" " ind2=" "><subfield code="a">Forests over a wide area were contaminated with radiocesium following the Fukushima nuclear accident in March 2011. Most radiocesium in the forests migrated into the soil a year after the accident and it is therefore necessary to clarify the distribution pattern of radiocesium in soil to evaluate the actual state and possible future changes of the radiocesium cycle in forest ecosystems. We investigated the stock and vertical distribution patterns of ¹³⁷Cs in soil under evergreen and deciduous tree species from 2012 to 2014 in a mountainous area in Fukushima Prefecture. The ¹³⁷Cs stock in soil was higher in evergreen forests than in deciduous forests. This was likely caused by the difference in tree leaf biomass at the time of the initial deposition, when deciduous trees were defoliated. The organic layer (particularly the humified layer) retained ¹³⁷Cs in high concentration and stock, indicating limited migration of ¹³⁷Cs into the mineral layer during the study period. This may reflect the incorporation of ¹³⁷Cs into organic matter and the retention of fungi in the organic layer. Analyses of these data and those from other studies conducted in regions contaminated by the accident showed that the ratio of radiocesium stock in the organic layer to the total amount in soil was positively correlated with the mass of the organic layer (organic layers with a mass of &gt;2.0 kg/m² retained more than 50% of total radiocesium). Thus, the status of the organic layer is an important factor regulating the downward migration of radiocesium.</subfield></datafield><datafield tag="592" ind1=" " ind2=" "><subfield code="a">Publisher supplied data</subfield></datafield><datafield tag="593" ind1=" " ind2=" "><subfield code="a">PubAg article</subfield></datafield><datafield tag="650" ind1=" " ind2="3"><subfield code="a">Japan</subfield></datafield><datafield tag="650" ind1=" " ind2="3"><subfield code="a">accidents</subfield></datafield><datafield tag="650" ind1=" " ind2="3"><subfield code="a">biomass</subfield></datafield><datafield tag="650" ind1=" " ind2="3"><subfield code="a">cesium radioisotopes</subfield></datafield><datafield tag="650" ind1=" " ind2="3"><subfield code="a">leaves</subfield></datafield><datafield tag="650" ind1=" " ind2="3"><subfield code="a">mountains</subfield></datafield><datafield tag="650" ind1=" " ind2="3"><subfield code="a">organic matter</subfield></datafield><datafield tag="650" ind1=" " ind2="3"><subfield code="a">research</subfield></datafield><datafield tag="650" ind1=" " ind2="3"><subfield code="a">soil</subfield></datafield><datafield tag="650" ind1=" " ind2="3"><subfield code="a">spatial distribution</subfield></datafield><datafield tag="650" ind1=" " ind2="3"><subfield code="a">trees</subfield></datafield><datafield tag="653" ind1=" " ind2="0"><subfield code="a">Radiocesium</subfield></datafield><datafield tag="653" ind1=" " ind2="0"><subfield code="a">forest</subfield></datafield><datafield tag="653" ind1=" " ind2="0"><subfield code="a">soil</subfield></datafield><datafield tag="653" ind1=" " ind2="0"><subfield code="a">vertical distribution</subfield></datafield><datafield tag="653" ind1=" " ind2="0"><subfield code="a">organic layer</subfield></datafield><datafield tag="700" ind1="1" ind2=" "><subfield code="a">Hideki, Tsuji</subfield><subfield code="e">author</subfield><subfield code="u">Fukushima Branch, National Institute for Environmental Studies, Tamuragunn, Japan</subfield></datafield><datafield tag="700" ind1="1" ind2=" "><subfield code="a">Tatsuhiro, Nishikiori</subfield><subfield code="e">author</subfield><subfield code="u">Centre for Environmental Creation, Fukushima Prefectural Government, Tamuragunn, Japan</subfield></datafield><datafield tag="700" ind1="1" ind2=" "><subfield code="a">Seiji, Hayashi</subfield><subfield code="e">author</subfield><subfield code="u">Fukushima Branch, National Institute for Environmental Studies, Tamuragunn, Japan</subfield></datafield><datafield tag="773" ind1="0" ind2=" "><subfield code="t">Journal of forest research.</subfield><subfield code="g">2018 Jan. 02, v. 23, no. 1 p.28-34</subfield><subfield code="d">Taylor &amp; Francis</subfield><subfield code="w">Journal:jnl3870061</subfield><subfield code="x">1610-7403</subfield><subfield code="7">nnas</subfield></datafield><datafield tag="787" ind1="1" ind2=" "><subfield code="o">islandora_article_repository</subfield></datafield><datafield tag="787" ind1="1" ind2=" "><subfield code="o">product_pubag</subfield></datafield><datafield tag="787" ind1="1" ind2=" "><subfield code="o">(Journal)jnl3870061</subfield></datafield><datafield tag="856" ind1="4" ind2="0"><subfield code="u">https://dx.doi.org/10.1080/13416979.2017.1418162</subfield><subfield code="3">Available from publisher's site</subfield></datafield><datafield tag="912" ind1=" " ind2=" "><subfield code="a">Article</subfield></datafield><datafield tag="914" ind1=" " ind2=" "><subfield code="a">Journal:jnl3870061</subfield><subfield code="b">1610-7403</subfield><subfield code="c">23</subfield><subfield code="d">1</subfield><subfield code="e">28</subfield></datafield><datafield tag="914" ind1=" " ind2=" "><subfield code="f">Journal of forest research</subfield></datafield><datafield tag="916" ind1=" " ind2=" "><subfield code="a">Batch:10097</subfield></datafield><datafield tag="917" ind1=" " ind2=" "><subfield code="a">issued</subfield></datafield><datafield tag="918" ind1="2" ind2=" "><subfield code="a">Taylor &amp; Francis Group</subfield><subfield code="e">provider</subfield><subfield code="5">DNAL</subfield></datafield><datafield tag="935" ind1=" " ind2=" "><subfield code="a">IND606946813</subfield><subfield code="9">ExL</subfield></datafield><datafield tag="949" ind1=" " ind2=" "><subfield code="a">2021-04-19</subfield></datafield><datafield tag="953" ind1=" " ind2=" "><subfield code="a" >/data/metadata/incoming/taylorfrancis/tjfr20_tjfr20.v023.i01_20220930062103#30581137.zip</subfield></datafield><datafield tag="954" ind1=" " ind2=" "><subfield code="a" >file:/data/metadata/staging/taylorfrancis/13416979.2017.1418162.xml</subfield></datafield><datafield tag="955" ind1=" " ind2=" "><subfield code="a">/data/metadata/staging/taylorfrancis/</subfield></datafield><datafield tag="974" ind1=" " ind2=" "><subfield code="a">agid:6946813</subfield></datafield><datafield tag="983" ind1=" " ind2=" "><subfield code="a">2022-09-30</subfield></datafield><datafield tag="984" ind1=" " ind2=" "><subfield code="a">2022-09-30</subfield></datafield></record>