<record><leader>03852nab a2200601 u 4500</leader><controlfield tag="001">9915715133307426</controlfield><controlfield tag="005">20221119230550.0</controlfield><controlfield tag="008">200513e20170704xx |||||o|||||||||||eng||</controlfield><datafield tag="" ind1="7" ind2=" "><subfield code="a">IND606946783</subfield><subfield code="2">DNAL</subfield></datafield><datafield tag="024" ind1="7" ind2=" "><subfield code="a">10.1080/13416979.2017.1337554</subfield><subfield code="2">doi</subfield></datafield><datafield tag="035" ind1=" " ind2=" "><subfield code="a">agid:6946783-01nal_inst</subfield></datafield><datafield tag="040" ind1=" " ind2=" "><subfield code="a">AGL</subfield><subfield code="b">eng</subfield><subfield code="c">AGL</subfield></datafield><datafield tag="100" ind1="1" ind2=" "><subfield code="a">Hata, Kenji</subfield><subfield code="e">author</subfield><subfield code="u">Ecohydrology Research Institute, The University of Tokyo Forests, Graduate School of Agricultural and Life Sciences, the University of Tokyo, Japan</subfield></datafield><datafield tag="245" ind1="1" ind2="0"><subfield code="a">Species-specific growth patterns of trees neighboring dead oak trees caused by Japanese oak wilt disease</subfield></datafield><datafield tag="300" ind1=" " ind2=" "><subfield code="a">p. 248-255.</subfield></datafield><datafield tag="500" ind1=" " ind2=" "><subfield code="a">NAL-AP-2-clean</subfield></datafield><datafield tag="520" ind1=" " ind2=" "><subfield code="a">To test whether the effects of mortality caused by Japanese oak wilt disease on the growth patterns of surrounding trees depend on the sizes, densities, and proximities of the dead trees and whether the dependency differs among species, we examined the effects of mortality in the dominant oak species, Quercus serrata, caused by Japanese oak wilt disease on the growth rates of surrounding trees in a temperate forest in Japan. Using data on the diameters at breast height and spatial locations of trees sampled in a 1-ha plot, we evaluated the relationships between the absolute growth rate of 11 dominant species and the competition index (CI) between the neighboring tree and the dead Q. serrata tree. The CI of a focal tree was calculated from the sizes and densities of dead Q. serrata trees within a particular radius (2.5–30 m, 2.5-m intervals) of the focal tree. Of the 11 species, eight shade-tolerant species had significant positive coefficients for CI. Our results indicate that the mortality of the oak trees increased the growth rates of some shade-tolerant species, depending on the sizes and proximities of the dead trees, and that timing of the increases differed among shade-tolerant species.</subfield></datafield><datafield tag="592" ind1=" " ind2=" "><subfield code="a">Publisher supplied data</subfield></datafield><datafield tag="593" ind1=" " ind2=" "><subfield code="a">PubAg article</subfield></datafield><datafield tag="650" ind1=" " ind2="3"><subfield code="a">Japan</subfield></datafield><datafield tag="650" ind1=" " ind2="3"><subfield code="a">Quercus serrata</subfield></datafield><datafield tag="650" ind1=" " ind2="3"><subfield code="a">dominant species</subfield></datafield><datafield tag="650" ind1=" " ind2="3"><subfield code="a">mortality</subfield></datafield><datafield tag="650" ind1=" " ind2="3"><subfield code="a">oak wilt</subfield></datafield><datafield tag="650" ind1=" " ind2="3"><subfield code="a">research</subfield></datafield><datafield tag="650" ind1=" " ind2="3"><subfield code="a">shade tolerance</subfield></datafield><datafield tag="650" ind1=" " ind2="3"><subfield code="a">temperate forests</subfield></datafield><datafield tag="650" ind1=" " ind2="3"><subfield code="a">trees</subfield></datafield><datafield tag="653" ind1=" " ind2="0"><subfield code="a">Competition index</subfield></datafield><datafield tag="653" ind1=" " ind2="0"><subfield code="a">Platypus quercivorus</subfield></datafield><datafield tag="653" ind1=" " ind2="0"><subfield code="a">Raffaelea quercivora</subfield></datafield><datafield tag="700" ind1="1" ind2=" "><subfield code="a">Iwai, Noriko</subfield><subfield code="e">author</subfield><subfield code="u">Ecohydrology Research Institute, The University of Tokyo Forests, Graduate School of Agricultural and Life Sciences, the University of Tokyo, Japan</subfield></datafield><datafield tag="700" ind1="1" ind2=" "><subfield code="a">Sato, Takanori</subfield><subfield code="e">author</subfield><subfield code="u">Ecohydrology Research Institute, The University of Tokyo Forests, Graduate School of Agricultural and Life Sciences, the University of Tokyo, Japan</subfield></datafield><datafield tag="700" ind1="1" ind2=" "><subfield code="a">Sawada, Haruo</subfield><subfield code="e">author</subfield><subfield code="u">Ecohydrology Research Institute, The University of Tokyo Forests, Graduate School of Agricultural and Life Sciences, the University of Tokyo, Japan</subfield></datafield><datafield tag="773" ind1="0" ind2=" "><subfield code="t">Journal of forest research.</subfield><subfield code="g">2017 July 4, v. 22, no. 4 p.248-255</subfield><subfield code="d">Taylor &amp; Francis</subfield><subfield code="w">Journal:jnl3870061</subfield><subfield code="x">1610-7403</subfield><subfield code="7">nnas</subfield></datafield><datafield tag="787" ind1="1" ind2=" "><subfield code="o">islandora_article_repository</subfield></datafield><datafield tag="787" ind1="1" ind2=" "><subfield code="o">product_pubag</subfield></datafield><datafield tag="787" ind1="1" ind2=" "><subfield code="o">(Journal)jnl3870061</subfield></datafield><datafield tag="856" ind1="4" ind2="0"><subfield code="u">http://dx.doi.org/10.1080/13416979.2017.1337554</subfield><subfield code="3">Available from publisher's site</subfield></datafield><datafield tag="912" ind1=" " ind2=" "><subfield code="a">Article</subfield></datafield><datafield tag="914" ind1=" " ind2=" "><subfield code="a">Journal:jnl3870061</subfield><subfield code="b">1610-7403</subfield><subfield code="c">22</subfield><subfield code="d">4</subfield><subfield code="e">248</subfield></datafield><datafield tag="914" ind1=" " ind2=" "><subfield code="f">Journal of forest research</subfield></datafield><datafield tag="916" ind1=" " ind2=" "><subfield code="a">Batch:10097</subfield></datafield><datafield tag="917" ind1=" " ind2=" "><subfield code="a">issued</subfield></datafield><datafield tag="918" ind1="2" ind2=" "><subfield code="a">Taylor &amp; Francis Group</subfield><subfield code="e">provider</subfield><subfield code="5">DNAL</subfield></datafield><datafield tag="935" ind1=" " ind2=" "><subfield code="a">IND606946783</subfield><subfield code="9">ExL</subfield></datafield><datafield tag="949" ind1=" " ind2=" "><subfield code="a">2021-04-19</subfield></datafield><datafield tag="953" ind1=" " ind2=" "><subfield code="a" >/data/metadata/incoming/taylorfrancis/tjfr20_tjfr20.v022.i04_20200416221419#20046827.zip</subfield></datafield><datafield tag="954" ind1=" " ind2=" "><subfield code="a" >file:/data/metadata/staging/taylorfrancis/13416979.2017.1337554.xml</subfield></datafield><datafield tag="955" ind1=" " ind2=" "><subfield code="a">/data/metadata/staging/taylorfrancis/</subfield></datafield><datafield tag="974" ind1=" " ind2=" "><subfield code="a">agid:6946783</subfield></datafield><datafield tag="983" ind1=" " ind2=" "><subfield code="a">2020-05-13</subfield></datafield><datafield tag="984" ind1=" " ind2=" "><subfield code="a">2021-04-19</subfield></datafield></record>