<record><leader>03873nab a2200589 u 4500</leader><controlfield tag="001">9915715161707426</controlfield><controlfield tag="005">20221119230724.0</controlfield><controlfield tag="008">211031e202111 xx |||||o|||||||||||eng||</controlfield><datafield tag="" ind1="7" ind2=" "><subfield code="a">IND607553964</subfield><subfield code="2">DNAL</subfield></datafield><datafield tag="024" ind1="7" ind2=" "><subfield code="a">10.1111/btp.13010</subfield><subfield code="2">doi</subfield></datafield><datafield tag="035" ind1=" " ind2=" "><subfield code="a">agid:7553964-01nal_inst</subfield></datafield><datafield tag="040" ind1=" " ind2=" "><subfield code="a">AGL</subfield><subfield code="b">eng</subfield><subfield code="c">AGL</subfield></datafield><datafield tag="100" ind1="1" ind2=" "><subfield code="a">Benitez, Lorena</subfield><subfield code="e">author</subfield><subfield code="u">Yale School of the Environment, Yale University, New Haven, CT, USA</subfield><subfield code="1">https://orcid.org/0000-0002-6771-1806</subfield></datafield><datafield tag="245" ind1="1" ind2="0"><subfield code="a">Fruit trees drive small‐scale movement of elephants in Kibale National Park, Uganda</subfield></datafield><datafield tag="300" ind1=" " ind2=" "><subfield code="a">p. 1620-1630.</subfield></datafield><datafield tag="500" ind1=" " ind2=" "><subfield code="a">JOURNAL ARTICLE</subfield></datafield><datafield tag="520" ind1=" " ind2=" "><subfield code="a">Understanding what motivates animal spatial behavior requires discerning the relationship between animals and the landscape in which they move. Many studies have focused on large scale trends that drive migrations and movement across broad landscapes, but few studies have focused on drivers of local movement within smaller areas based on fine‐scale landscape heterogeneity. This is especially true for African elephants (Loxodonta africana), whose movements in relation to landscape variables have frequently been studied across vast areas, but infrequently on a small scale. We report on how the local distribution of an important resource—fruit trees—shapes elephant movement patterns in Kibale National Park, Uganda. We hypothesized that the spatial location of elephant trails, and especially intersections in the network of trails, would be heavily associated with fruit trees, with trail density being higher in areas with greater fruit availability. Elephant trails and nearby fruit trees were mapped within a 64 km² area within the interior of the Park. Trail and fruit tree sampling were conducted along 16 evenly spaced one‐km control transects and compared to 28.6 km of elephant trails arrayed throughout the park. Fruit tree basal area was higher along trails and at trail intersections. Trail density was also positively correlated with fruit tree density. Fruit trees may thus serve as a determinant of small‐scale elephant movement and could be used to predict patterns of elephant spatial behavior across forested habitat, which has potential implications for elephant management in the area.</subfield></datafield><datafield tag="592" ind1=" " ind2=" "><subfield code="a">Publisher supplied data</subfield></datafield><datafield tag="593" ind1=" " ind2=" "><subfield code="a">PubAg article</subfield></datafield><datafield tag="596" ind1=" " ind2=" "><subfield code="c">F&amp;ES Summer Funds Grant</subfield></datafield><datafield tag="596" ind1=" " ind2=" "><subfield code="a">Master’s Research Grant</subfield><subfield code="c">Yale Center for Biospheric Studies</subfield></datafield><datafield tag="596" ind1=" " ind2=" "><subfield code="c">Schiff Fund for Wildlife Habitat and the Environment</subfield></datafield><datafield tag="596" ind1=" " ind2=" "><subfield code="c">Yale Tropical Resources Institute Fellowship</subfield></datafield><datafield tag="650" ind1=" " ind2="3"><subfield code="a">Loxodonta africana</subfield></datafield><datafield tag="650" ind1=" " ind2="3"><subfield code="a">animals</subfield></datafield><datafield tag="650" ind1=" " ind2="3"><subfield code="a">forest habitats</subfield></datafield><datafield tag="650" ind1=" " ind2="3"><subfield code="a">fruit trees</subfield></datafield><datafield tag="650" ind1=" " ind2="3"><subfield code="a">fruits</subfield></datafield><datafield tag="650" ind1=" " ind2="3"><subfield code="a">landscapes</subfield></datafield><datafield tag="650" ind1=" " ind2="3"><subfield code="a">national parks</subfield></datafield><datafield tag="651" ind1=" " ind2="3"><subfield code="a">Uganda</subfield></datafield><datafield tag="700" ind1="1" ind2=" "><subfield code="a">Queenborough, Simon A.</subfield><subfield code="e">author</subfield><subfield code="u">Yale School of the Environment, Yale University, New Haven, CT, USA</subfield><subfield code="1">https://orcid.org/0000-0002-2468-0958</subfield></datafield><datafield tag="773" ind1="0" ind2=" "><subfield code="t">Biotropica.</subfield><subfield code="g">2021 Nov., v. 53, no. 6 p.1620-1630</subfield><subfield code="d">John Wiley &amp; Sons, Ltd</subfield><subfield code="w">Journal:jnl45461</subfield><subfield code="x">0006-3606</subfield><subfield code="7">nnas</subfield></datafield><datafield tag="787" ind1="1" ind2=" "><subfield code="o">islandora_article_repository</subfield></datafield><datafield tag="787" ind1="1" ind2=" "><subfield code="o">product_pubag</subfield></datafield><datafield tag="787" ind1="1" ind2=" "><subfield code="o">(Journal)jnl45461</subfield></datafield><datafield tag="856" ind1="4" ind2="0"><subfield code="u">https://dx.doi.org/10.1111/btp.13010</subfield><subfield code="3">Available from publisher's site</subfield></datafield><datafield tag="912" ind1=" " ind2=" "><subfield code="a">Article</subfield></datafield><datafield tag="914" ind1=" " ind2=" "><subfield code="a">Journal:jnl45461</subfield><subfield code="b">0006-3606</subfield><subfield code="c">53</subfield><subfield code="d">6</subfield><subfield code="e">1620</subfield></datafield><datafield tag="914" ind1=" " ind2=" "><subfield code="f">Biotropica</subfield></datafield><datafield tag="916" ind1=" " ind2=" "><subfield code="a">Batch:10210</subfield></datafield><datafield tag="917" ind1=" " ind2=" "><subfield code="a">issued</subfield></datafield><datafield tag="918" ind1="2" ind2=" "><subfield code="a">John Wiley &amp; Sons, Inc</subfield><subfield code="e">provider</subfield><subfield code="5">DNAL</subfield></datafield><datafield tag="935" ind1=" " ind2=" "><subfield code="a">IND607553964</subfield><subfield code="9">ExL</subfield></datafield><datafield tag="949" ind1=" " ind2=" "><subfield code="a">2022-02-23</subfield></datafield><datafield tag="952" ind1=" " ind2=" "><subfield code="d">NAL-AP-2-clean</subfield></datafield><datafield tag="953" ind1=" " ind2=" "><subfield code="a">/data/metadata/incoming/wiley/00063606_2021_53_6.xml</subfield></datafield><datafield tag="954" ind1=" " ind2=" "><subfield code="a">file:/data/metadata/staging/wiley/00063606_2021_53_6.xml</subfield></datafield><datafield tag="955" ind1=" " ind2=" "><subfield code="a">/data/metadata/staging/wiley/</subfield></datafield><datafield tag="974" ind1=" " ind2=" "><subfield code="a">agid:7553964</subfield></datafield><datafield tag="983" ind1=" " ind2=" "><subfield code="a">2021-10-31</subfield></datafield><datafield tag="984" ind1=" " ind2=" "><subfield code="a">2022-02-19</subfield></datafield></record>