<record><leader>04571nab a2200685 u 4500</leader><controlfield tag="001">9915715312307426</controlfield><controlfield tag="005">20221119231429.0</controlfield><controlfield tag="008">200513e20190102xx |||||o|||||||||||eng||</controlfield><datafield tag="" ind1="7" ind2=" "><subfield code="a">IND606946860</subfield><subfield code="2">DNAL</subfield></datafield><datafield tag="024" ind1="7" ind2=" "><subfield code="a">10.1080/13416979.2018.1557101</subfield><subfield code="2">doi</subfield></datafield><datafield tag="035" ind1=" " ind2=" "><subfield code="a">agid:6946860-01nal_inst</subfield></datafield><datafield tag="040" ind1=" " ind2=" "><subfield code="a">AGL</subfield><subfield code="b">eng</subfield><subfield code="c">AGL</subfield></datafield><datafield tag="100" ind1="1" ind2=" "><subfield code="a">Li, Hao</subfield><subfield code="e">author</subfield><subfield code="u">Graduate School of Life and Environmental Sciences, University of Tsukuba, Tsukuba, Japan</subfield></datafield><datafield tag="245" ind1="1" ind2="0"><subfield code="a">Regeneration of Larix sibirica boreal forest patches in the forest-steppe ecotone in Gorkhi Terelj National Park, Mongolia</subfield></datafield><datafield tag="300" ind1=" " ind2=" "><subfield code="a">p. 52-60.</subfield></datafield><datafield tag="500" ind1=" " ind2=" "><subfield code="a">NAL-AP-2-clean</subfield></datafield><datafield tag="520" ind1=" " ind2=" "><subfield code="a">To demonstrate the dynamics of forest patches in the Mongolian forest-steppe ecotone and examine how forest structure changes with distance from the forest edge, we investigated forest structure and tree age according to two spatial scales: transects and quadrats within transects. The transects shifted with distance across the treeline and we focused on two representative tree species (Larix sibirica and Pinus sibirica) in Gorkhi Terelj National Park. Pure L. sibirica stands were observed in quadrats with a lower maximum tree age; in contrast, P. sibirica occurred only in quadrats with a maximum tree age over 100 years. This result indicated that the forest patches experienced successional changes from L. sibirica to P. sibirica. In all transects, tree stands mainly presented multiaged regeneration patterns. Disturbances such as forest fire may result in the regeneration of younger L. sibirica. The basal area and maximum age increased with increasing distance from the treeline. The increase in the basal area and number of P. sibirica saplings suggested that succession from L. sibirica to P. sibirica was more advanced in the forest interior than at the forest edge. Differences in the disturbance regime may explain the changes in forest structure that occur with increased distance from the forest edge.</subfield></datafield><datafield tag="536" ind1=" " ind2=" "><subfield code="a">This work was supported by JSPS KAKENHI, Grant-in-Aid for Scientific Research (B) 26304001; the Certificate Programme on Nature Conservation, University of Tsukuba; and the Program to Disseminate Tenure Tracking System, Ministry of Education, Culture, Sports, Science and Technology (MEXT), Japan.</subfield></datafield><datafield tag="592" ind1=" " ind2=" "><subfield code="a">Publisher supplied data</subfield></datafield><datafield tag="593" ind1=" " ind2=" "><subfield code="a">PubAg article</subfield></datafield><datafield tag="596" ind1=" " ind2=" "><subfield code="a">(B) 26304001</subfield><subfield code="c">JSPS KAKENHI</subfield><subfield code="d">https://doi.org/10.13039/501100091</subfield></datafield><datafield tag="650" ind1=" " ind2="3"><subfield code="a">Larix sibirica</subfield></datafield><datafield tag="650" ind1=" " ind2="3"><subfield code="a">Pinus sibirica</subfield></datafield><datafield tag="650" ind1=" " ind2="3"><subfield code="a">boreal forests</subfield></datafield><datafield tag="650" ind1=" " ind2="3"><subfield code="a">edge effects</subfield></datafield><datafield tag="650" ind1=" " ind2="3"><subfield code="a">forest fires</subfield></datafield><datafield tag="650" ind1=" " ind2="3"><subfield code="a">forest steppe</subfield></datafield><datafield tag="650" ind1=" " ind2="3"><subfield code="a">national parks</subfield></datafield><datafield tag="650" ind1=" " ind2="3"><subfield code="a">research</subfield></datafield><datafield tag="650" ind1=" " ind2="3"><subfield code="a">tree age</subfield></datafield><datafield tag="650" ind1=" " ind2="3"><subfield code="a">treeline</subfield></datafield><datafield tag="651" ind1=" " ind2="3"><subfield code="a">Mongolia</subfield></datafield><datafield tag="653" ind1=" " ind2="0"><subfield code="a">Forest-steppe ecotone</subfield></datafield><datafield tag="653" ind1=" " ind2="0"><subfield code="a">age structure</subfield></datafield><datafield tag="653" ind1=" " ind2="0"><subfield code="a">regeneration pattern</subfield></datafield><datafield tag="700" ind1="1" ind2=" "><subfield code="a">Kawada, Kiyokazu</subfield><subfield code="e">author</subfield><subfield code="u">Faculty of Life and Environmental Sciences, University of Tsukuba, Tsukuba, Japan</subfield></datafield><datafield tag="700" ind1="1" ind2=" "><subfield code="a">Ohashi, Haruka</subfield><subfield code="e">author</subfield><subfield code="u">Forestry and Forest Products Research Institute, Forest Research and Management Organization, Tsukuba, Japan</subfield></datafield><datafield tag="700" ind1="1" ind2=" "><subfield code="a">Jamsran, Undarmaa</subfield><subfield code="e">author</subfield><subfield code="u">Center for Ecosystem Studies, Mongolian University of Life Sciences, Ulaanbaatar, Mongolia</subfield></datafield><datafield tag="700" ind1="1" ind2=" "><subfield code="a">Hu, Xiaoxing</subfield><subfield code="e">author</subfield><subfield code="u">Graduate School of Life and Environmental Sciences, University of Tsukuba, Tsukuba, Japan</subfield></datafield><datafield tag="700" ind1="1" ind2=" "><subfield code="a">Tamura, Kenji</subfield><subfield code="e">author</subfield><subfield code="u">Faculty of Life and Environmental Sciences, University of Tsukuba, Tsukuba, Japan</subfield></datafield><datafield tag="700" ind1="1" ind2=" "><subfield code="a">Kamijo, Takashi</subfield><subfield code="e">author</subfield><subfield code="u">Faculty of Life and Environmental Sciences, University of Tsukuba, Tsukuba, Japan</subfield></datafield><datafield tag="773" ind1="0" ind2=" "><subfield code="t">Journal of forest research.</subfield><subfield code="g">2019 Jan. 2, v. 24, no. 1 p.52-60</subfield><subfield code="d">Taylor &amp; Francis</subfield><subfield code="w">Journal:jnl3870061</subfield><subfield code="x">1610-7403</subfield><subfield code="7">nnas</subfield></datafield><datafield tag="787" ind1="1" ind2=" "><subfield code="o">islandora_article_repository</subfield></datafield><datafield tag="787" ind1="1" ind2=" "><subfield code="o">product_pubag</subfield></datafield><datafield tag="787" ind1="1" ind2=" "><subfield code="o">(Journal)jnl3870061</subfield></datafield><datafield tag="856" ind1="4" ind2="0"><subfield code="u">http://dx.doi.org/10.1080/13416979.2018.1557101</subfield><subfield code="3">Available from publisher's site</subfield></datafield><datafield tag="912" ind1=" " ind2=" "><subfield code="a">Article</subfield></datafield><datafield tag="914" ind1=" " ind2=" "><subfield code="a">Journal:jnl3870061</subfield><subfield code="b">1610-7403</subfield><subfield code="c">24</subfield><subfield code="d">1</subfield><subfield code="e">52</subfield></datafield><datafield tag="914" ind1=" " ind2=" "><subfield code="f">Journal of forest research</subfield></datafield><datafield tag="916" ind1=" " ind2=" "><subfield code="a">Batch:10097</subfield></datafield><datafield tag="917" ind1=" " ind2=" "><subfield code="a">issued</subfield></datafield><datafield tag="918" ind1="2" ind2=" "><subfield code="a">Taylor &amp; Francis Group</subfield><subfield code="e">provider</subfield><subfield code="5">DNAL</subfield></datafield><datafield tag="935" ind1=" " ind2=" "><subfield code="a">IND606946860</subfield><subfield code="9">ExL</subfield></datafield><datafield tag="949" ind1=" " ind2=" "><subfield code="a">2021-04-19</subfield></datafield><datafield tag="953" ind1=" " ind2=" "><subfield code="a" >/data/metadata/incoming/taylorfrancis/tjfr20_tjfr20.v024.i01_20200416225220#20047168.zip</subfield></datafield><datafield tag="954" ind1=" " ind2=" "><subfield code="a" >file:/data/metadata/staging/taylorfrancis/13416979.2018.1557101.xml</subfield></datafield><datafield tag="955" ind1=" " ind2=" "><subfield code="a">/data/metadata/staging/taylorfrancis/</subfield></datafield><datafield tag="974" ind1=" " ind2=" "><subfield code="a">agid:6946860</subfield></datafield><datafield tag="983" ind1=" " ind2=" "><subfield code="a">2020-05-13</subfield></datafield><datafield tag="984" ind1=" " ind2=" "><subfield code="a">2021-04-19</subfield></datafield></record>