<record><leader>05303nab a2200829 u 4500</leader><controlfield tag="001">9915715923407426</controlfield><controlfield tag="005">20221119232926.0</controlfield><controlfield tag="008">210405e202103 xx |||||o|||||||||||eng||</controlfield><datafield tag="" ind1="7" ind2=" "><subfield code="a">IND607171078</subfield><subfield code="2">DNAL</subfield></datafield><datafield tag="024" ind1="7" ind2=" "><subfield code="a">10.1/j.catena.2020.105017</subfield><subfield code="2">doi</subfield></datafield><datafield tag="035" ind1=" " ind2=" "><subfield code="a">agid:7171078-01nal_inst</subfield></datafield><datafield tag="040" ind1=" " ind2=" "><subfield code="a">AGL</subfield><subfield code="b">eng</subfield><subfield code="c">AGL</subfield></datafield><datafield tag="100" ind1="1" ind2=" "><subfield code="a">Zhu, Liangjun</subfield><subfield code="e">author</subfield><subfield code="u">National Engineering Laboratory for Applied Technology of Forestry &amp; Ecology in South China, College of Life Science and Technology, Central South University of Forestry and Technology, Changsha 410004, China</subfield><subfield code="1">https://orcid.org/0000-0003-0111-1450</subfield></datafield><datafield tag="245" ind1="1" ind2="0"><subfield code="a">Influence of the Atlantic Multidecadal Oscillation on drought in northern Daxing’an Mountains, Northeast China</subfield></datafield><datafield tag="500" ind1=" " ind2=" "><subfield code="a">NAL-AP-2-clean</subfield></datafield><datafield tag="520" ind1=" " ind2=" "><subfield code="a">The northern Daxing’an Mountains (DM) of China has experienced many serious drought disasters, which caused great losses of agricultural production and people’s lives. However, the temporal and spatial limitations of instrument data have seriously hindered our understanding of drought change and its impact on human culture and natural ecosystems. Here, we analyze the process, patterns and driving mechanism of drought in the northern DM based on a 294-year (CE 1722–2015) tree-ring-based Palmer Drought Severity Index (PDSI) drought reconstruction. Drought in the northern DM is consistent with other drought records in the central DM and the eastern and central Mongolian Plateau (MP). In the past 294 years, most of the extreme dry or wet years or periods occurred in the 18th and 20th centuries. There were 2 years and 78.7 years significant (p &lt; 0.01) periodic peaks of drought in northern DM. After the rapid warming in the 1980s, the central and northern DM experienced a wet trend, while the eastern and western MP experienced a drying trend. The Atlantic Multidecadal Oscillation (AMO) plays a key role in influencing the drought in the northern DM by modulating the oceanic-atmospheric-land surfaces interaction process and other large-scale circulations. Compared with the effect of AMO on drought patterns in North America, Europe and western MP, the cold phase of AMO is more favorable to drought in northern DM.</subfield></datafield><datafield tag="592" ind1=" " ind2=" "><subfield code="a">Publisher supplied data</subfield></datafield><datafield tag="593" ind1=" " ind2=" "><subfield code="a">PubAg article</subfield></datafield><datafield tag="650" ind1=" " ind2="3"><subfield code="a">catenas</subfield></datafield><datafield tag="650" ind1=" " ind2="3"><subfield code="a">cold</subfield></datafield><datafield tag="650" ind1=" " ind2="3"><subfield code="a">drought</subfield></datafield><datafield tag="651" ind1=" " ind2="3"><subfield code="a">Central Asia</subfield></datafield><datafield tag="651" ind1=" " ind2="3"><subfield code="a">China</subfield></datafield><datafield tag="651" ind1=" " ind2="3"><subfield code="a">Europe</subfield></datafield><datafield tag="651" ind1=" " ind2="3"><subfield code="a">North America</subfield></datafield><datafield tag="653" ind1=" " ind2="0"><subfield code="a">Atlantic Multidecadal Oscillation</subfield></datafield><datafield tag="653" ind1=" " ind2="0"><subfield code="a">Drought reconstruction</subfield></datafield><datafield tag="653" ind1=" " ind2="0"><subfield code="a">Daxing’an Mountains</subfield></datafield><datafield tag="653" ind1=" " ind2="0"><subfield code="a">Tree rings</subfield></datafield><datafield tag="653" ind1=" " ind2="0"><subfield code="a">Pinus sylvestris var. mongolica</subfield></datafield><datafield tag="653" ind1=" " ind2="0"><subfield code="a">Mongolian Plateau</subfield></datafield><datafield tag="653" ind1=" " ind2="0"><subfield code="a">DM</subfield></datafield><datafield tag="653" ind1=" " ind2="0"><subfield code="a">MP</subfield></datafield><datafield tag="653" ind1=" " ind2="0"><subfield code="a">PDSI</subfield></datafield><datafield tag="653" ind1=" " ind2="0"><subfield code="a">AMO</subfield></datafield><datafield tag="653" ind1=" " ind2="0"><subfield code="a">SST</subfield></datafield><datafield tag="653" ind1=" " ind2="0"><subfield code="a">NDM</subfield></datafield><datafield tag="653" ind1=" " ind2="0"><subfield code="a">MADA</subfield></datafield><datafield tag="653" ind1=" " ind2="0"><subfield code="a">ZHU</subfield></datafield><datafield tag="653" ind1=" " ind2="0"><subfield code="a">AR</subfield></datafield><datafield tag="653" ind1=" " ind2="0"><subfield code="a">EMP</subfield></datafield><datafield tag="653" ind1=" " ind2="0"><subfield code="a">KR1</subfield></datafield><datafield tag="653" ind1=" " ind2="0"><subfield code="a">KR2</subfield></datafield><datafield tag="653" ind1=" " ind2="0"><subfield code="a">UP</subfield></datafield><datafield tag="653" ind1=" " ind2="0"><subfield code="a">YR</subfield></datafield><datafield tag="653" ind1=" " ind2="0"><subfield code="a">SR</subfield></datafield><datafield tag="700" ind1="1" ind2=" "><subfield code="a">Cooper, David J.</subfield><subfield code="e">author</subfield><subfield code="u">Department of Forest and Rangeland Stewardship, Colorado State University, Fort Collins, CO 80523, USA</subfield><subfield code="1">https://orcid.org/0000-0003-3391-3538</subfield></datafield><datafield tag="700" ind1="1" ind2=" "><subfield code="a">Han, Shijie</subfield><subfield code="e">author</subfield><subfield code="u">State Key Laboratory of Cotton Biology, School of Life Science, Henan University, Kaifeng 475004, China</subfield></datafield><datafield tag="700" ind1="1" ind2=" "><subfield code="a">Yang, Jingwen</subfield><subfield code="e">author</subfield><subfield code="u">Center for Ecological Research and Key Laboratory of Sustainable Forest Ecosystem Management-Ministry of Education, School of Forestry, Northeast Forestry University, Harbin 150040, China</subfield></datafield><datafield tag="700" ind1="1" ind2=" "><subfield code="a">Zhang, Yuandong</subfield><subfield code="e">author</subfield><subfield code="u">Key Laboratory of Forest Ecology and Environment of National Forestry and Grassland Administration, Research Institute of Forest Ecology, Environment and Protection, Chinese Academy of Forestry, Beijing 100091, China</subfield></datafield><datafield tag="700" ind1="1" ind2=" "><subfield code="a">Li, Zongshan</subfield><subfield code="e">author</subfield><subfield code="u">State Key Laboratory of Urban and Regional Ecology, Research Center for Eco-Environmental Sciences, Chinese Academy of Sciences, Beijing 100085, China</subfield><subfield code="1">https://orcid.org/0000-0002-3901-945X</subfield></datafield><datafield tag="700" ind1="1" ind2=" "><subfield code="a">Zhao, Huiying</subfield><subfield code="e">author</subfield><subfield code="u">Heilongjiang Institute of Meteorological Science, Harbin 150030, China</subfield></datafield><datafield tag="700" ind1="1" ind2=" "><subfield code="a">Wang, Xiaochun</subfield><subfield code="e">author</subfield><subfield code="u">Center for Ecological Research and Key Laboratory of Sustainable Forest Ecosystem Management-Ministry of Education, School of Forestry, Northeast Forestry University, Harbin 150040, China</subfield><subfield code="1">https://orcid.org/0000-0002-8897-5077</subfield></datafield><datafield tag="773" ind1="0" ind2=" "><subfield code="t">Catena.</subfield><subfield code="g">2021 Mar., v. 198 p.105017-</subfield><subfield code="d">Elsevier B.V.</subfield><subfield code="w">Journal:6271</subfield><subfield code="x">0341-8162</subfield><subfield code="7">nnas</subfield></datafield><datafield tag="787" ind1="1" ind2=" "><subfield code="o">islandora_article_repository</subfield></datafield><datafield tag="787" ind1="1" ind2=" "><subfield code="o">product_pubag</subfield></datafield><datafield tag="787" ind1="1" ind2=" "><subfield code="o">(Journal)6271</subfield></datafield><datafield tag="856" ind1="4" ind2="0"><subfield code="u">https://dx.doi.org/10.1/j.catena.2020.105017</subfield><subfield code="3">Available from publisher's site</subfield></datafield><datafield tag="912" ind1=" " ind2=" "><subfield code="a">Article</subfield></datafield><datafield tag="914" ind1=" " ind2=" "><subfield code="a">Journal:6271</subfield><subfield code="b">0341-8162</subfield><subfield code="e">105017</subfield></datafield><datafield tag="914" ind1=" " ind2=" "><subfield code="f">Catena</subfield></datafield><datafield tag="916" ind1=" " ind2=" "><subfield code="a">Batch:10142</subfield></datafield><datafield tag="917" ind1=" " ind2=" "><subfield code="a">issued</subfield></datafield><datafield tag="918" ind1="2" ind2=" "><subfield code="a">Elsevier Consyn</subfield><subfield code="e">provider</subfield><subfield code="5">DNAL</subfield></datafield><datafield tag="935" ind1=" " ind2=" "><subfield code="a">IND607171078</subfield><subfield code="9">ExL</subfield></datafield><datafield tag="949" ind1=" " ind2=" "><subfield code="a">2021-06-17</subfield></datafield><datafield tag="953" ind1=" " ind2=" "><subfield code="a" >/data/metadata/incoming/consyn/835268149763737094-00001-HEAD-ONLY-REVISEDSUBJECTLIST.ZIP</subfield></datafield><datafield tag="954" ind1=" " ind2=" "><subfield code="a">file:/data/metadata/staging/consyn/S0341816220305671.xml</subfield></datafield><datafield tag="955" ind1=" " ind2=" "><subfield code="a">/data/metadata/staging/consyn/</subfield></datafield><datafield tag="974" ind1=" " ind2=" "><subfield code="a">agid:7171078</subfield></datafield><datafield tag="983" ind1=" " ind2=" "><subfield code="a">2021-04-05</subfield></datafield><datafield tag="984" ind1=" " ind2=" "><subfield code="a">2021-06-17</subfield></datafield></record>