<record><leader>04756nab a2200685 u 4500</leader><controlfield tag="001">9915716723307426</controlfield><controlfield tag="005">20221122423.0</controlfield><controlfield tag="008">191104e201911 xx |||||o|||||||||||eng||</controlfield><datafield tag="" ind1="7" ind2=" "><subfield code="a">IND606751999</subfield><subfield code="2">DNAL</subfield></datafield><datafield tag="024" ind1="7" ind2=" "><subfield code="a">10.1111/ecog.04296</subfield><subfield code="2">doi</subfield></datafield><datafield tag="035" ind1=" " ind2=" "><subfield code="a">agid:6751999-01nal_inst</subfield></datafield><datafield tag="040" ind1=" " ind2=" "><subfield code="a">AGL</subfield><subfield code="b">eng</subfield><subfield code="c">AGL</subfield></datafield><datafield tag="100" ind1="1" ind2=" "><subfield code="a">López, Lidio</subfield><subfield code="e">author</subfield><subfield code="u">Laboratorio de Dendrocronología e Historia Ambiental, Inst. Argentino de Nivología Glaciología y Ciencias Ambientales (IANIGLA), CONICET‐Mendoza, Mendoza, Argentina</subfield><subfield code="1">https://orcid.org/0000-0001-5254-9618</subfield></datafield><datafield tag="245" ind1="1" ind2="0"><subfield code="a">Convergence in growth responses of tropical trees to climate driven by water stress</subfield></datafield><datafield tag="300" ind1=" " ind2=" "><subfield code="a">p. 1899-1912.</subfield></datafield><datafield tag="500" ind1=" " ind2=" "><subfield code="a">JOURNAL ARTICLE</subfield></datafield><datafield tag="520" ind1=" " ind2=" "><subfield code="a">Widely documented for temperate and cold forests in both hemispheres, variations in tree growth responses to climate along environmental gradients have rarely been investigated in the tropics. Seven tree‐ring chronologies of Centrolobium microchaete (Fabaceae) in the Cerrado tropical forests of Bolivia are used to determine the growth responses to climate along a precipitation gradient. Chronologies are distributed from the humid Guarayos forests (annual precipitation &gt; 1600 mm) in the transition to the Amazonia to the dry‐mesic Chiquitos forests (annual precipitation &lt; 1200 mm) in the proximity to the dry Chaco. On a large spatial scale, radial growth is positively influenced by rainfall and negatively by temperature at the end of the dry season. However, this regional pattern in climate‐tree growth relationship shows differences along the precipitation gradient. Relationships with climate are highly significant and extend over longer periods of the year in sites with low rainfall and extremely severe dry seasons. At wet sites, larger water soil capacity and endogenous forest dynamics partially mask the direct influence of climate on tree growth. Stronger similarities in tree‐growth responses to climate occur between sites in the dry Central Chiquitos and in the transition to the Guarayos forests. In contrast, the relationships show fewer similarities between sites in the humid Guarayos. We conclude that growth responses to climate in the tropics are more similar between sites with limited rainfall and severe and prolonged dry seasons. Our study points to a convergence in the patterns of growth responses of tropical trees to climate, modulated by scarce rainfall and marked seasonality. The negative impact of water deficits on tree physiological processes induces not only the documented reduction in forest species richness, but also a convergence in tree‐growth responses to climate in dry tropical forests.</subfield></datafield><datafield tag="592" ind1=" " ind2=" "><subfield code="a">Publisher supplied data</subfield></datafield><datafield tag="593" ind1=" " ind2=" "><subfield code="a">PubAg article</subfield></datafield><datafield tag="650" ind1=" " ind2="3"><subfield code="a">Centrolobium microchaete</subfield></datafield><datafield tag="650" ind1=" " ind2="3"><subfield code="a">cerrado</subfield></datafield><datafield tag="650" ind1=" " ind2="3"><subfield code="a">cold</subfield></datafield><datafield tag="650" ind1=" " ind2="3"><subfield code="a">dendrochronology</subfield></datafield><datafield tag="650" ind1=" " ind2="3"><subfield code="a">dry season</subfield></datafield><datafield tag="650" ind1=" " ind2="3"><subfield code="a">forest dynamics</subfield></datafield><datafield tag="650" ind1=" " ind2="3"><subfield code="a">rain</subfield></datafield><datafield tag="650" ind1=" " ind2="3"><subfield code="a">soil</subfield></datafield><datafield tag="650" ind1=" " ind2="3"><subfield code="a">species richness</subfield></datafield><datafield tag="650" ind1=" " ind2="3"><subfield code="a">temperature</subfield></datafield><datafield tag="650" ind1=" " ind2="3"><subfield code="a">tree growth</subfield></datafield><datafield tag="650" ind1=" " ind2="3"><subfield code="a">trees</subfield></datafield><datafield tag="650" ind1=" " ind2="3"><subfield code="a">tropical forests</subfield></datafield><datafield tag="650" ind1=" " ind2="3"><subfield code="a">tropical plants</subfield></datafield><datafield tag="650" ind1=" " ind2="3"><subfield code="a">tropics</subfield></datafield><datafield tag="650" ind1=" " ind2="3"><subfield code="a">water stress</subfield></datafield><datafield tag="651" ind1=" " ind2="3"><subfield code="a">Amazonia</subfield></datafield><datafield tag="651" ind1=" " ind2="3"><subfield code="a">Bolivia</subfield></datafield><datafield tag="700" ind1="1" ind2=" "><subfield code="a">Rodríguez‐Catón, Milagros</subfield><subfield code="e">author</subfield><subfield code="u">Laboratorio de Dendrocronología e Historia Ambiental, Inst. Argentino de Nivología Glaciología y Ciencias Ambientales (IANIGLA), CONICET‐Mendoza, Mendoza, Argentina</subfield></datafield><datafield tag="700" ind1="1" ind2=" "><subfield code="a">Villalba, Ricardo</subfield><subfield code="e">author</subfield><subfield code="u">Laboratorio de Dendrocronología e Historia Ambiental, Inst. Argentino de Nivología Glaciología y Ciencias Ambientales (IANIGLA), CONICET‐Mendoza, Mendoza, Argentina</subfield><subfield code="1">https://orcid.org/0000-0001-8183-0310</subfield></datafield><datafield tag="773" ind1="0" ind2=" "><subfield code="t">Ecography.</subfield><subfield code="g">2019 Nov., v. 42, no. 11 p.1899-1912</subfield><subfield code="d">Blackwell Publishing Ltd</subfield><subfield code="w">Journal:jnl3867072</subfield><subfield code="x">0906-7590</subfield><subfield code="7">nnas</subfield></datafield><datafield tag="787" ind1="1" ind2=" "><subfield code="o">islandora_article_repository</subfield></datafield><datafield tag="787" ind1="1" ind2=" "><subfield code="o">product_pubag</subfield></datafield><datafield tag="787" ind1="1" ind2=" "><subfield code="o">(Journal)jnl3867072</subfield></datafield><datafield tag="856" ind1="4" ind2="0"><subfield code="u">http://dx.doi.org/10.1111/ecog.04296</subfield><subfield code="3">Available from publisher's site</subfield></datafield><datafield tag="912" ind1=" " ind2=" "><subfield code="a">Article</subfield></datafield><datafield tag="914" ind1=" " ind2=" "><subfield code="a">Journal:jnl3867072</subfield><subfield code="b">0906-7590</subfield><subfield code="c">42</subfield><subfield code="d">11</subfield><subfield code="e">1899</subfield></datafield><datafield tag="914" ind1=" " ind2=" "><subfield code="f">Ecography</subfield></datafield><datafield tag="916" ind1=" " ind2=" "><subfield code="a">Batch:2416</subfield></datafield><datafield tag="917" ind1=" " ind2=" "><subfield code="a">issued</subfield></datafield><datafield tag="918" ind1="2" ind2=" "><subfield code="a">John Wiley &amp; Sons, Inc</subfield><subfield code="e">provider</subfield><subfield code="5">DNAL</subfield></datafield><datafield tag="935" ind1=" " ind2=" "><subfield code="a">IND606751999</subfield><subfield code="9">ExL</subfield></datafield><datafield tag="949" ind1=" " ind2=" "><subfield code="a">2020-03-05</subfield></datafield><datafield tag="953" ind1=" " ind2=" "><subfield code="a">/data/metadata/incoming/wiley/09067590_2019_42_11.xml</subfield></datafield><datafield tag="954" ind1=" " ind2=" "><subfield code="a">file:/data/metadata/staging/wiley/09067590_2019_42_11.xml</subfield></datafield><datafield tag="955" ind1=" " ind2=" "><subfield code="a">/data/metadata/staging/wiley/</subfield></datafield><datafield tag="962" ind1=" " ind2=" "><subfield code="a">Batch:2416 reviewed on 2020-03-03T16:00:04Z</subfield></datafield><datafield tag="962" ind1=" " ind2=" "><subfield code="a">Batch:2416 reviewed on 2020-03-05T16:00:03Z</subfield></datafield><datafield tag="974" ind1=" " ind2=" "><subfield code="a">agid:6751999</subfield></datafield><datafield tag="983" ind1=" " ind2=" "><subfield code="a">2019-11-04</subfield></datafield><datafield tag="984" ind1=" " ind2=" "><subfield code="a">2020-03-05</subfield></datafield></record>