<record><leader>03593nab a2200589 u 4500</leader><controlfield tag="001">9915717139707426</controlfield><controlfield tag="005">20200508000000.0</controlfield><controlfield tag="008">200508e20101201xx |||||o|||||||||||eng||</controlfield><datafield tag="" ind1="7" ind2=" "><subfield code="a">IND601267491</subfield><subfield code="2">DNAL</subfield></datafield><datafield tag="024" ind1="7" ind2=" "><subfield code="a">10.2980/17-4-3403</subfield><subfield code="2">doi</subfield></datafield><datafield tag="035" ind1=" " ind2=" "><subfield code="a">agid:1267491-01nal_inst</subfield></datafield><datafield tag="040" ind1=" " ind2=" "><subfield code="a">AGL</subfield><subfield code="b">eng</subfield><subfield code="c">AGL</subfield></datafield><datafield tag="100" ind1="1" ind2=" "><subfield code="a">Larrivée, Maxim</subfield><subfield code="e">author</subfield><subfield code="u">Department of Natural Resource Sciences, McGill University, Macdonald Campus, 21 111 Lakeshore Road, Ste-Anne-de-Bellevue, Québec H9X 3V9, Canada</subfield></datafield><datafield tag="245" ind1="1" ind2="0"><subfield code="a">Scale dependence of tree trunk spider diversity patterns in vertical and horizontal space</subfield></datafield><datafield tag="300" ind1=" " ind2=" "><subfield code="a">p. 400-410.</subfield></datafield><datafield tag="520" ind1=" " ind2=" "><subfield code="a">We explored the multiple-spatial-scale diversity patterns of canopy and understorey north-temperate mature tree trunk spiders following a hierarchically nested design. We investigated local dynamics and dispersal limitations of canopy and understorey spider assemblages by using a combination of additive partitioning of richness and changes in species composition through spatially nested multivariate ANOVA. Community composition differed significantly between canopy and understorey assemblages and also at stand and site spatial scales, while beta richness was higher than expected from random at the site spatial scale only. Alpha richness did not differ from random at any spatial scale considered in the regional context of our study (tree, stand, and site) and was similar in the canopy and the understorey when rarefied. There was a shift in the contribution of alpha and beta richness as the spatial resolution increased because beta diversity contributed more to tree spider richness and alpha diversity to our site-level spider richness. Our study demonstrates that diversity patterns of mature tree trunk spiders in north-temperate hardwood forests are scale dependent in vertical and horizontal space: at our tree and stand spatial scales, local dynamics such as niche availability and species interactions may drive bark spider assemblage diversity since mean richness did not change significantly whereas species composition did.</subfield></datafield><datafield tag="592" ind1=" " ind2=" "><subfield code="a">Publisher supplied data</subfield></datafield><datafield tag="593" ind1=" " ind2=" "><subfield code="a">PubAg article</subfield></datafield><datafield tag="650" ind1=" " ind2="3"><subfield code="a">Araneae</subfield></datafield><datafield tag="650" ind1=" " ind2="3"><subfield code="a">analysis of variance</subfield></datafield><datafield tag="650" ind1=" " ind2="3"><subfield code="a">bark</subfield></datafield><datafield tag="650" ind1=" " ind2="3"><subfield code="a">canopy</subfield></datafield><datafield tag="650" ind1=" " ind2="3"><subfield code="a">community structure</subfield></datafield><datafield tag="650" ind1=" " ind2="3"><subfield code="a">hardwood forests</subfield></datafield><datafield tag="650" ind1=" " ind2="3"><subfield code="a">species diversity</subfield></datafield><datafield tag="650" ind1=" " ind2="3"><subfield code="a">tree trunk</subfield></datafield><datafield tag="650" ind1=" " ind2="3"><subfield code="a">trees</subfield></datafield><datafield tag="650" ind1=" " ind2="3"><subfield code="a">understory</subfield></datafield><datafield tag="653" ind1=" " ind2="0"><subfield code="a">alpha diversity</subfield></datafield><datafield tag="653" ind1=" " ind2="0"><subfield code="a">bark</subfield></datafield><datafield tag="653" ind1=" " ind2="0"><subfield code="a">beta diversity</subfield></datafield><datafield tag="653" ind1=" " ind2="0"><subfield code="a">canopy</subfield></datafield><datafield tag="653" ind1=" " ind2="0"><subfield code="a">metacommunity</subfield></datafield><datafield tag="653" ind1=" " ind2="0"><subfield code="a">spiders</subfield></datafield><datafield tag="700" ind1="1" ind2=" "><subfield code="a">Buddle, Christopher M.</subfield><subfield code="e">author</subfield><subfield code="u">Department of Natural Resource Sciences, McGill University, Macdonald Campus, 21 111 Lakeshore Road, Ste-Anne-de-Bellevue, Québec H9X 3V9, Canada</subfield></datafield><datafield tag="773" ind1="0" ind2=" "><subfield code="t">Écoscience.</subfield><subfield code="g">2010 Dec. 1, v. 17, no. 4 p.400-410</subfield><subfield code="d">Taylor &amp; Francis</subfield><subfield code="w">Journal:19715</subfield><subfield code="x">2376-7626</subfield><subfield code="7">nnas</subfield></datafield><datafield tag="787" ind1="1" ind2=" "><subfield code="o">islandora_article_repository</subfield></datafield><datafield tag="787" ind1="1" ind2=" "><subfield code="o">product_pubag</subfield></datafield><datafield tag="787" ind1="1" ind2=" "><subfield code="o">(Journal)19715</subfield></datafield><datafield tag="856" ind1="4" ind2="0"><subfield code="u">https://dx.doi.org/10.2980/17-4-3403</subfield><subfield code="3">Available from publisher's site</subfield></datafield><datafield tag="912" ind1=" " ind2=" "><subfield code="a">Article</subfield></datafield><datafield tag="914" ind1=" " ind2=" "><subfield code="a">Journal:19715</subfield><subfield code="b">1195-6860</subfield><subfield code="c">17</subfield><subfield code="d">4</subfield><subfield code="e">400</subfield></datafield><datafield tag="914" ind1=" " ind2=" "><subfield code="f">Écoscience</subfield></datafield><datafield tag="916" ind1=" " ind2=" "><subfield code="a">Batch:1395</subfield></datafield><datafield tag="917" ind1=" " ind2=" "><subfield code="a">issued</subfield></datafield><datafield tag="918" ind1="2" ind2=" "><subfield code="a">Taylor &amp; Francis Group</subfield><subfield code="e">provider</subfield><subfield code="5">DNAL</subfield></datafield><datafield tag="935" ind1=" " ind2=" "><subfield code="a">IND601267491</subfield><subfield code="9">ExL</subfield></datafield><datafield tag="949" ind1=" " ind2=" "><subfield code="a">2-08-18</subfield></datafield><datafield tag="953" ind1=" " ind2=" "><subfield code="a" >/data/metadata/incoming/taylorfrancis/teco20_teco20.v017.i04_20200416201019#20045620.zip</subfield></datafield><datafield tag="954" ind1=" " ind2=" "><subfield code="a">file:/data/metadata/staging/taylorfrancis/17-4-3403.xml</subfield></datafield><datafield tag="955" ind1=" " ind2=" "><subfield code="a">/data/metadata/staging/taylorfrancis/</subfield></datafield><datafield tag="974" ind1=" " ind2=" "><subfield code="a">agid:1267491</subfield></datafield><datafield tag="983" ind1=" " ind2=" "><subfield code="a">2020-05-08</subfield></datafield><datafield tag="984" ind1=" " ind2=" "><subfield code="a">2020-05-08</subfield></datafield></record>