<record><leader>10914nab a2201297 u 4500</leader><controlfield tag="001">9915717190107426</controlfield><controlfield tag="005">20221120203121.0</controlfield><controlfield tag="008">190813e201909 xx |||||o|||||||||||eng||</controlfield><datafield tag="" ind1="7" ind2=" "><subfield code="a">IND606564038</subfield><subfield code="2">DNAL</subfield></datafield><datafield tag="024" ind1="7" ind2=" "><subfield code="a">10.1111/geb.12933</subfield><subfield code="2">doi</subfield></datafield><datafield tag="035" ind1=" " ind2=" "><subfield code="a">agid:6564038-01nal_inst</subfield></datafield><datafield tag="040" ind1=" " ind2=" "><subfield code="a">AGL</subfield><subfield code="b">eng</subfield><subfield code="c">AGL</subfield></datafield><datafield tag="100" ind1="1" ind2=" "><subfield code="a">Shestakova, Tatiana A.</subfield><subfield code="e">author</subfield><subfield code="u">Woods Hole Research Center, Falmouth, Massachusetts</subfield><subfield code="1">https://orcid.org/0000-0002-5605-0299</subfield></datafield><datafield tag="245" ind1="1" ind2="0"><subfield code="a">Spatio‐temporal patterns of tree growth as related to carbon isotope fractionation in European forests under changing climate</subfield></datafield><datafield tag="300" ind1=" " ind2=" "><subfield code="a">p. 1295-1309.</subfield></datafield><datafield tag="500" ind1=" " ind2=" "><subfield code="a">JOURNAL ARTICLE</subfield></datafield><datafield tag="520" ind1=" " ind2=" "><subfield code="a">AIM: The aim was to decipher Europe‐wide spatio‐temporal patterns of forest growth dynamics and their associations with carbon isotope fractionation processes inferred from tree rings as modulated by climate warming. LOCATION: Europe and North Africa (30‒70° N, 10° W‒35° E). TIME PERIOD: 1901‒2003. MAJOR TAXA STUDIED: Temperate and Euro‐Siberian trees. METHODS: We characterize changes in the relationship between tree growth and carbon isotope fractionation over the 20th century using a European network consisting of 20 site chronologies. Using indexed tree‐ring widths (TRWᵢ), we assess shifts in the temporal coherence of radial growth across sites (synchrony) for five forest ecosystems (Atlantic, boreal, cold continental, Mediterranean and temperate). We also examine whether TRWᵢ shows variable coupling with leaf‐level gas exchange, inferred from indexed carbon isotope discrimination of tree‐ring cellulose (Δ¹³Cᵢ). RESULTS: We find spatial autocorrelation for TRWᵢ and Δ¹³Cᵢ extending over a maximum of 1,000 km among forest stands. However, growth synchrony is not uniform across Europe, but increases along a latitudinal gradient concurrent with decreasing temperature and evapotranspiration. Latitudinal relationships between TRWᵢ and Δ¹³Cᵢ (changing from negative to positive southwards) point to drought impairing carbon uptake via stomatal regulation for water saving occurring at forests below 60° N in continental Europe. An increase in forest growth synchrony over the 20th century together with increasingly positive relationships between TRWᵢ and Δ¹³Cᵢ indicate intensifying impacts of drought on tree performance. These effects are noticeable in drought‐prone biomes (Mediterranean, temperate and cold continental). MAIN CONCLUSIONS: At the turn of this century, convergence in growth synchrony across European forest ecosystems is coupled with coordinated warming‐induced effects of drought on leaf physiology and tree growth spreading northwards. Such a tendency towards exacerbated moisture‐sensitive growth and physiology could override positive effects of enhanced leaf intercellular CO₂ concentrations, possibly resulting in Europe‐wide declines of forest carbon gain in the coming decades.</subfield></datafield><datafield tag="592" ind1=" " ind2=" "><subfield code="a">Publisher supplied data</subfield></datafield><datafield tag="593" ind1=" " ind2=" "><subfield code="a">PubAg article</subfield></datafield><datafield tag="596" ind1=" " ind2=" "><subfield code="a">AGL2015-68274-C3-3-R</subfield><subfield code="c">Spanish Government</subfield></datafield><datafield tag="596" ind1=" " ind2=" "><subfield code="a">EVK2-2001-00237</subfield><subfield code="c">Sixth Framework Programme</subfield></datafield><datafield tag="596" ind1=" " ind2=" "><subfield code="a">COST-STSM-ECOST-STSM-FP1304-140915-066395</subfield><subfield code="c">Seventh Framework Programme</subfield></datafield><datafield tag="596" ind1=" " ind2=" "><subfield code="a">20112573</subfield><subfield code="c">ERANET-Mundus program</subfield></datafield><datafield tag="650" ind1=" " ind2="3"><subfield code="a">autocorrelation</subfield></datafield><datafield tag="650" ind1=" " ind2="3"><subfield code="a">carbon</subfield></datafield><datafield tag="650" ind1=" " ind2="3"><subfield code="a">carbon dioxide</subfield></datafield><datafield tag="650" ind1=" " ind2="3"><subfield code="a">cellulose</subfield></datafield><datafield tag="650" ind1=" " ind2="3"><subfield code="a">cold</subfield></datafield><datafield tag="650" ind1=" " ind2="3"><subfield code="a">drought</subfield></datafield><datafield tag="650" ind1=" " ind2="3"><subfield code="a">evapotranspiration</subfield></datafield><datafield tag="650" ind1=" " ind2="3"><subfield code="a">forest ecosystems</subfield></datafield><datafield tag="650" ind1=" " ind2="3"><subfield code="a">forest growth</subfield></datafield><datafield tag="650" ind1=" " ind2="3"><subfield code="a">forest stands</subfield></datafield><datafield tag="650" ind1=" " ind2="3"><subfield code="a">forests</subfield></datafield><datafield tag="650" ind1=" " ind2="3"><subfield code="a">gas exchange</subfield></datafield><datafield tag="650" ind1=" " ind2="3"><subfield code="a">global warming</subfield></datafield><datafield tag="650" ind1=" " ind2="3"><subfield code="a">growth rings</subfield></datafield><datafield tag="650" ind1=" " ind2="3"><subfield code="a">isotope fractionation</subfield></datafield><datafield tag="650" ind1=" " ind2="3"><subfield code="a">isotopes</subfield></datafield><datafield tag="650" ind1=" " ind2="3"><subfield code="a">leaves</subfield></datafield><datafield tag="650" ind1=" " ind2="3"><subfield code="a">stomatal movement</subfield></datafield><datafield tag="650" ind1=" " ind2="3"><subfield code="a">temperature</subfield></datafield><datafield tag="650" ind1=" " ind2="3"><subfield code="a">tree growth</subfield></datafield><datafield tag="650" ind1=" " ind2="3"><subfield code="a">trees</subfield></datafield><datafield tag="650" ind1=" " ind2="3"><subfield code="a">water conservation</subfield></datafield><datafield tag="651" ind1=" " ind2="3"><subfield code="a">Europe</subfield></datafield><datafield tag="651" ind1=" " ind2="3"><subfield code="a">Northern Africa</subfield></datafield><datafield tag="700" ind1="1" ind2=" "><subfield code="a">Voltas, Jordi</subfield><subfield code="e">author</subfield><subfield code="u">Department of Crop and Forest Sciences ‒ AGROTECNIO Center, University of Lleida, Lleida, Spain</subfield></datafield><datafield tag="700" ind1="1" ind2=" "><subfield code="a">Saurer, Matthias</subfield><subfield code="e">author</subfield><subfield code="u">Swiss Federal Research Institute WSL, Birmensdorf, Switzerland</subfield></datafield><datafield tag="700" ind1="1" ind2=" "><subfield code="a">Berninger, Frank</subfield><subfield code="e">author</subfield><subfield code="u">Department of Forest Sciences, University of Helsinki, Helsinki, Finland</subfield></datafield><datafield tag="700" ind1="1" ind2=" "><subfield code="a">Esper, Jan</subfield><subfield code="e">author</subfield><subfield code="u">Department of Geography, Johannes Gutenberg University, Mainz, Germany</subfield></datafield><datafield tag="700" ind1="1" ind2=" "><subfield code="a">Andreu‐Hayles, Laia</subfield><subfield code="e">author</subfield><subfield code="u">Tree‐Ring Laboratory, Lamont–Doherty Earth Observatory of Columbia University, Palisades, New York</subfield></datafield><datafield tag="700" ind1="1" ind2=" "><subfield code="a">Daux, Valérie</subfield><subfield code="e">author</subfield><subfield code="u">Laboratory for Climate and Environmental Sciences, CEA/CNRS, UVSQ, Gif‐sur‐Yvette, France</subfield></datafield><datafield tag="700" ind1="1" ind2=" "><subfield code="a">Helle, Gerhard</subfield><subfield code="e">author</subfield><subfield code="u">Helmholtz‐Centre Potsdam, German Centre for Geosciences ‒ GFZ, Potsdam, Germany</subfield></datafield><datafield tag="700" ind1="1" ind2=" "><subfield code="a">Leuenberger, Markus</subfield><subfield code="e">author</subfield><subfield code="u">Climate and Environmental Physics, University of Bern, Bern, Switzerland</subfield></datafield><datafield tag="700" ind1="1" ind2=" "><subfield code="a">Loader, Neil J.</subfield><subfield code="e">author</subfield><subfield code="u">Department of Geography, Swansea University, Swansea, UK</subfield></datafield><datafield tag="700" ind1="1" ind2=" "><subfield code="a">Masson‐Delmotte, Valérie</subfield><subfield code="e">author</subfield><subfield code="u">Laboratory for Climate and Environmental Sciences, CEA/CNRS, UVSQ, Gif‐sur‐Yvette, France</subfield></datafield><datafield tag="700" ind1="1" ind2=" "><subfield code="a">Saracino, Antonio</subfield><subfield code="e">author</subfield><subfield code="u">Department of Agricultural Sciences, University of Naples Federico II, Portici, Italy</subfield></datafield><datafield tag="700" ind1="1" ind2=" "><subfield code="a">Waterhouse, John S.</subfield><subfield code="e">author</subfield><subfield code="u">Department of Biomedical and Forensic Sciences, Anglia Ruskin University, Cambridge, UK</subfield></datafield><datafield tag="700" ind1="1" ind2=" "><subfield code="a">Schleser, Gerhard H.</subfield><subfield code="e">author</subfield><subfield code="u">FZJ Research Center Jülich, Institute of Bio‐ and Geosciences IBG‐3, Jülich, Germany</subfield></datafield><datafield tag="700" ind1="1" ind2=" "><subfield code="a">Bednarz, Zdzisław</subfield><subfield code="e">author</subfield><subfield code="u">Department of Forest Biodiversity, Agricultural University, Krakow, Poland</subfield></datafield><datafield tag="700" ind1="1" ind2=" "><subfield code="a">Boettger, Tatjana</subfield><subfield code="e">author</subfield><subfield code="u">Department of Isotope Hydrology, Helmholtz Centre for Environmental Research ‒ UFZ, Halle, Germany</subfield></datafield><datafield tag="700" ind1="1" ind2=" "><subfield code="a">Dorado‐Liñán, Isabel</subfield><subfield code="e">author</subfield><subfield code="u">Forest Research Centre, National Institute for Agricultural Research and Experimentation (INIA‐CIFOR), Madrid, Spain</subfield></datafield><datafield tag="700" ind1="1" ind2=" "><subfield code="a">Filot, Marc</subfield><subfield code="e">author</subfield><subfield code="u">Climate and Environmental Physics, University of Bern, Bern, Switzerland</subfield></datafield><datafield tag="700" ind1="1" ind2=" "><subfield code="a">Frank, David</subfield><subfield code="e">author</subfield><subfield code="u">Laboratory of Tree‐Ring Research, University of Arizona, Tucson, Arizona</subfield></datafield><datafield tag="700" ind1="1" ind2=" "><subfield code="a">Grabner, Michael</subfield><subfield code="e">author</subfield><subfield code="u">Institute of Wood Technology and Renewable Resources, University of Natural Resources and Life Sciences ‒ BOKU, Vienna, Austria</subfield></datafield><datafield tag="700" ind1="1" ind2=" "><subfield code="a">Haupt, Marika</subfield><subfield code="e">author</subfield><subfield code="u">Department of Isotope Hydrology, Helmholtz Centre for Environmental Research ‒ UFZ, Halle, Germany</subfield></datafield><datafield tag="700" ind1="1" ind2=" "><subfield code="a">Hilasvuori, Emmi</subfield><subfield code="e">author</subfield><subfield code="u">Laboratory of Chronology, University of Helsinki, Helsinki, Finland</subfield></datafield><datafield tag="700" ind1="1" ind2=" "><subfield code="a">Jungner, Högne</subfield><subfield code="e">author</subfield><subfield code="u">Laboratory of Chronology, University of Helsinki, Helsinki, Finland</subfield></datafield><datafield tag="700" ind1="1" ind2=" "><subfield code="a">Kalela‐Brundin, Maarit</subfield><subfield code="e">author</subfield><subfield code="u">Forestry Museum, Lycksele, Sweden</subfield></datafield><datafield tag="700" ind1="1" ind2=" "><subfield code="a">Krąpiec, Marek</subfield><subfield code="e">author</subfield><subfield code="u">Faculty of Geology, Geophysics and Environmental Protection, AGH University of Science and Technology, Krakow, Poland</subfield></datafield><datafield tag="700" ind1="1" ind2=" "><subfield code="a">Marah, Hamid</subfield><subfield code="e">author</subfield><subfield code="u">Water and Climate Unit, CNESTEN, Rabat, Morocco</subfield></datafield><datafield tag="700" ind1="1" ind2=" "><subfield code="a">Pawełczyk, Sławomira</subfield><subfield code="e">author</subfield><subfield code="u">Department of Radioisotopes, Silesian University of Technology, Gliwice, Poland</subfield></datafield><datafield tag="700" ind1="1" ind2=" "><subfield code="a">Pazdur, Anna</subfield><subfield code="e">author</subfield><subfield code="u">Department of Radioisotopes, Silesian University of Technology, Gliwice, Poland</subfield></datafield><datafield tag="700" ind1="1" ind2=" "><subfield code="a">Pierre, Monique</subfield><subfield code="e">author</subfield><subfield code="u">Laboratory for Climate and Environmental Sciences, CEA/CNRS, UVSQ, Gif‐sur‐Yvette, France</subfield></datafield><datafield tag="700" ind1="1" ind2=" "><subfield code="a">Planells, Octavi</subfield><subfield code="e">author</subfield><subfield code="u">Department of Biological Evolution, Ecology and Environmental Sciences, University of Barcelona, Barcelona, Spain</subfield></datafield><datafield tag="700" ind1="1" ind2=" "><subfield code="a">Pukienė, Rūtilė</subfield><subfield code="e">author</subfield><subfield code="u">The State Scientific Research Institute Nature Research Centre, Vilnius, Lithuania</subfield></datafield><datafield tag="700" ind1="1" ind2=" "><subfield code="a">Reynolds‐Henne, Christina E.</subfield><subfield code="e">author</subfield><subfield code="u">Oeschger Centre for Climate Change Research, University of Bern, Bern, Switzerland</subfield></datafield><datafield tag="700" ind1="1" ind2=" "><subfield code="a">Rinne‐Garmston (Rinne), Katja T.</subfield><subfield code="e">author</subfield><subfield code="u">Natural Resources Institute Finland (Luke), Helsinki, Finland</subfield></datafield><datafield tag="700" ind1="1" ind2=" "><subfield code="a">Rita, Angelo</subfield><subfield code="e">author</subfield><subfield code="u">School of Agricultural, Forest, Food and Environmental Sciences, University of Basilicata, Potenza, Italy</subfield></datafield><datafield tag="700" ind1="1" ind2=" "><subfield code="a">Sonninen, Eloni</subfield><subfield code="e">author</subfield><subfield code="u">Laboratory of Chronology, University of Helsinki, Helsinki, Finland</subfield></datafield><datafield tag="700" ind1="1" ind2=" "><subfield code="a">Stiévenard, Michel</subfield><subfield code="e">author</subfield><subfield code="u">Laboratory for Climate and Environmental Sciences, CEA/CNRS, UVSQ, Gif‐sur‐Yvette, France</subfield></datafield><datafield tag="700" ind1="1" ind2=" "><subfield code="a">Switsur, Vincent R.</subfield><subfield code="e">author</subfield><subfield code="u">Department of Biomedical and Forensic Sciences, Anglia Ruskin University, Cambridge, UK</subfield></datafield><datafield tag="700" ind1="1" ind2=" "><subfield code="a">Szychowska‐Kra̧piec, Elżbieta</subfield><subfield code="e">author</subfield><subfield code="u">Faculty of Geology, Geophysics and Environmental Protection, AGH University of Science and Technology, Krakow, Poland</subfield></datafield><datafield tag="700" ind1="1" ind2=" "><subfield code="a">Szymaszek, Malgorzata</subfield><subfield code="e">author</subfield><subfield code="u">Department of Radioisotopes, Silesian University of Technology, Gliwice, Poland</subfield></datafield><datafield tag="700" ind1="1" ind2=" "><subfield code="a">Todaro, Luigi</subfield><subfield code="e">author</subfield><subfield code="u">School of Agricultural, Forest, Food and Environmental Sciences, University of Basilicata, Potenza, Italy</subfield></datafield><datafield tag="700" ind1="1" ind2=" "><subfield code="a">Treydte, Kerstin</subfield><subfield code="e">author</subfield><subfield code="u">Swiss Federal Research Institute WSL, Birmensdorf, Switzerland</subfield></datafield><datafield tag="700" ind1="1" ind2=" "><subfield code="a">Vitas, Adomas</subfield><subfield code="e">author</subfield><subfield code="u">Environmental Research Centre, Vytautas Magnus University, Kaunas, Lithuania</subfield></datafield><datafield tag="700" ind1="1" ind2=" "><subfield code="a">Weigl, Martin</subfield><subfield code="e">author</subfield><subfield code="u">Holzforschung Austria, Vienna, Austria</subfield></datafield><datafield tag="700" ind1="1" ind2=" "><subfield code="a">Wimmer, Rupert</subfield><subfield code="e">author</subfield><subfield code="u">Institute for Natural Materials Technology, University of Natural Resources and Life Sciences, Tulln, Austria</subfield></datafield><datafield tag="700" ind1="1" ind2=" "><subfield code="a">Gutiérrez, Emilia</subfield><subfield code="e">author</subfield><subfield code="u">Department of Biological Evolution, Ecology and Environmental Sciences, University of Barcelona, Barcelona, Spain</subfield></datafield><datafield tag="773" ind1="0" ind2=" "><subfield code="t">Global ecology and biogeography.</subfield><subfield code="g">2019 Sept., v. 28, no. 9 p.1295-1309</subfield><subfield code="d">John Wiley &amp; Sons, Ltd</subfield><subfield code="w">Journal:jnl3920180</subfield><subfield code="x">1466-822X</subfield><subfield code="7">nnas</subfield></datafield><datafield tag="787" ind1="1" ind2=" "><subfield code="o">islandora_article_repository</subfield></datafield><datafield tag="787" ind1="1" ind2=" "><subfield code="o">product_pubag</subfield></datafield><datafield tag="787" ind1="1" ind2=" "><subfield code="o">(Journal)jnl3920180</subfield></datafield><datafield tag="856" ind1="4" ind2="0"><subfield code="u">http://dx.doi.org/10.1111/geb.12933</subfield><subfield code="3">Available from publisher's site</subfield></datafield><datafield tag="912" ind1=" " ind2=" "><subfield code="a">Article</subfield></datafield><datafield tag="914" ind1=" " ind2=" "><subfield code="a">Journal:jnl3920180</subfield><subfield code="b">1466-822X</subfield><subfield code="c">28</subfield><subfield code="d">9</subfield><subfield code="e">1295</subfield></datafield><datafield tag="914" ind1=" " ind2=" "><subfield code="f">Global ecology and biogeography</subfield></datafield><datafield tag="916" ind1=" " ind2=" "><subfield code="a">Batch:2375</subfield></datafield><datafield tag="917" ind1=" " ind2=" "><subfield code="a">issued</subfield></datafield><datafield tag="918" ind1="2" ind2=" "><subfield code="a">John Wiley &amp; Sons, Inc</subfield><subfield code="e">provider</subfield><subfield code="5">DNAL</subfield></datafield><datafield tag="935" ind1=" " ind2=" "><subfield code="a">IND606564038</subfield><subfield code="9">ExL</subfield></datafield><datafield tag="949" ind1=" " ind2=" "><subfield code="a">2019-12-18</subfield></datafield><datafield tag="953" ind1=" " ind2=" "><subfield code="a">/data/metadata/incoming/wiley/1466822X_2019_28_9.xml</subfield></datafield><datafield tag="954" ind1=" " ind2=" "><subfield code="a">file:/data/metadata/staging/wiley/1466822X_2019_28_9.xml</subfield></datafield><datafield tag="955" ind1=" " ind2=" "><subfield code="a">/data/metadata/staging/wiley/</subfield></datafield><datafield tag="962" ind1=" " ind2=" "><subfield code="a">Batch:2375 reviewed on 2019-12-18T11:00:04Z</subfield></datafield><datafield tag="974" ind1=" " ind2=" "><subfield code="a">agid:6564038</subfield></datafield><datafield tag="983" ind1=" " ind2=" "><subfield code="a">2019-08-13</subfield></datafield><datafield tag="984" ind1=" " ind2=" "><subfield code="a">2019-12-18</subfield></datafield></record>