<record><leader>05047nab a2200685 u 4500</leader><controlfield tag="001">9915717191707426</controlfield><controlfield tag="005">20221120203048.0</controlfield><controlfield tag="008">190813e201909 xx |||||o|||||||||||eng||</controlfield><datafield tag="" ind1="7" ind2=" "><subfield code="a">IND606564035</subfield><subfield code="2">DNAL</subfield></datafield><datafield tag="024" ind1="7" ind2=" "><subfield code="a">10.1111/geb.12930</subfield><subfield code="2">doi</subfield></datafield><datafield tag="035" ind1=" " ind2=" "><subfield code="a">agid:6564035-01nal_inst</subfield></datafield><datafield tag="040" ind1=" " ind2=" "><subfield code="a">AGL</subfield><subfield code="b">eng</subfield><subfield code="c">AGL</subfield></datafield><datafield tag="100" ind1="1" ind2=" "><subfield code="a">Fréjaville, Thibaut</subfield><subfield code="e">author</subfield><subfield code="u">BIOGECO (UMR 1202), INRA, University of Bordeaux, Pessac, France</subfield><subfield code="1">https://orcid.org/0000-0003-4432-5088</subfield></datafield><datafield tag="245" ind1="1" ind2="0"><subfield code="a">Inferring phenotypic plasticity and population responses to climate across tree species ranges using forest inventory data</subfield></datafield><datafield tag="300" ind1=" " ind2=" "><subfield code="a">p. 1259-1271.</subfield></datafield><datafield tag="500" ind1=" " ind2=" "><subfield code="a">JOURNAL ARTICLE</subfield></datafield><datafield tag="520" ind1=" " ind2=" "><subfield code="a">AIM: To test whether intraspecific trait responses to climate among populations across species distribution ranges can be untangled using field observations, under the rationale that, in natural forest tree populations, long‐term climate shapes population responses while recent climate change drives phenotypic plasticity. LOCATION: Europe. TIME PERIOD: 1901–2014. TAXA: Silver fir (Abies alba Mill.) and sessile oak [Quercus petraea (Matt.) Liebl.]. METHODS: We estimated the variation of individual tree height as a function of long‐term and short‐term climates to tease apart provenance effects (variation among populations of different geographical origin), plasticity and their interaction, using mixed‐effect models calibrated with national forest inventory data (in‐situ models). To validate our approach, we tested the ability of in‐situ models to predict independently tree height observations in common gardens experiments where provenance and plastic effects can be measured and separated. In‐situ model predictions of tree height variation among provenances and among planting sites were compared to observations in common gardens and to predictions from a similar model calibrated using common garden data (ex‐situ model). RESULTS: In Q. petraea, we found high correlations between in‐situ and ex‐situ model predictions of provenance and plasticity effects and their interaction for tree height (r &gt; .80). We showed that the in‐situ models significantly predicted tree height variation among provenances and sites for A. alba and Q. petraea. Spatial predictions of phenotypic plasticity across species distribution ranges indicate decreasing tree height in populations of warmer climates in response to recent anthropogenic climate warming. MAIN CONCLUSIONS: Our modelling approach using national forest inventory observations provides a new perspective for understanding patterns of intraspecific trait variation across species ranges. Its application is particularly interesting for species for which common garden experiments do not exist or do not cover the entire climatic range of the species.</subfield></datafield><datafield tag="592" ind1=" " ind2=" "><subfield code="a">Publisher supplied data</subfield></datafield><datafield tag="593" ind1=" " ind2=" "><subfield code="a">PubAg article</subfield></datafield><datafield tag="596" ind1=" " ind2=" "><subfield code="a">676876</subfield><subfield code="c">European Union's Horizon 2020 Research and Innovation Programme Project GenTree</subfield></datafield><datafield tag="596" ind1=" " ind2=" "><subfield code="a">ANR-10-IDEX-03-02</subfield><subfield code="c">‘Investments for the Future’ program IdEx Bordeaux</subfield></datafield><datafield tag="650" ind1=" " ind2="3"><subfield code="a">Abies alba</subfield></datafield><datafield tag="650" ind1=" " ind2="3"><subfield code="a">Quercus petraea</subfield></datafield><datafield tag="650" ind1=" " ind2="3"><subfield code="a">climate</subfield></datafield><datafield tag="650" ind1=" " ind2="3"><subfield code="a">forest inventory</subfield></datafield><datafield tag="650" ind1=" " ind2="3"><subfield code="a">forest trees</subfield></datafield><datafield tag="650" ind1=" " ind2="3"><subfield code="a">geographical distribution</subfield></datafield><datafield tag="650" ind1=" " ind2="3"><subfield code="a">global warming</subfield></datafield><datafield tag="650" ind1=" " ind2="3"><subfield code="a">models</subfield></datafield><datafield tag="650" ind1=" " ind2="3"><subfield code="a">national forests</subfield></datafield><datafield tag="650" ind1=" " ind2="3"><subfield code="a">phenotypic plasticity</subfield></datafield><datafield tag="650" ind1=" " ind2="3"><subfield code="a">planting</subfield></datafield><datafield tag="650" ind1=" " ind2="3"><subfield code="a">prediction</subfield></datafield><datafield tag="650" ind1=" " ind2="3"><subfield code="a">provenance</subfield></datafield><datafield tag="650" ind1=" " ind2="3"><subfield code="a">tree height</subfield></datafield><datafield tag="651" ind1=" " ind2="3"><subfield code="a">Europe</subfield></datafield><datafield tag="700" ind1="1" ind2=" "><subfield code="a">Fady, Bruno</subfield><subfield code="e">author</subfield><subfield code="u">INRA, Ecologie des Forêts Méditerranéennes (URFM), Avignon, France</subfield></datafield><datafield tag="700" ind1="1" ind2=" "><subfield code="a">Kremer, Antoine</subfield><subfield code="e">author</subfield><subfield code="u">BIOGECO (UMR 1202), INRA, University of Bordeaux, Cestas, France</subfield></datafield><datafield tag="700" ind1="1" ind2=" "><subfield code="a">Ducousso, Alexis</subfield><subfield code="e">author</subfield><subfield code="u">BIOGECO (UMR 1202), INRA, University of Bordeaux, Cestas, France</subfield></datafield><datafield tag="700" ind1="1" ind2=" "><subfield code="a">Benito Garzón, Marta</subfield><subfield code="e">author</subfield><subfield code="u">BIOGECO (UMR 1202), INRA, University of Bordeaux, Pessac, France</subfield><subfield code="1">https://orcid.org/0000-0002-3436-123X</subfield></datafield><datafield tag="773" ind1="0" ind2=" "><subfield code="t">Global ecology and biogeography.</subfield><subfield code="g">2019 Sept., v. 28, no. 9 p.1259-1271</subfield><subfield code="d">John Wiley &amp; Sons, Ltd</subfield><subfield code="w">Journal:jnl3920180</subfield><subfield code="x">1466-822X</subfield><subfield code="7">nnas</subfield></datafield><datafield tag="787" ind1="1" ind2=" "><subfield code="o">islandora_article_repository</subfield></datafield><datafield tag="787" ind1="1" ind2=" "><subfield code="o">product_pubag</subfield></datafield><datafield tag="787" ind1="1" ind2=" "><subfield code="o">(Journal)jnl3920180</subfield></datafield><datafield tag="856" ind1="4" ind2="0"><subfield code="u">http://dx.doi.org/10.1111/geb.12930</subfield><subfield code="3">Available from publisher's site</subfield></datafield><datafield tag="912" ind1=" " ind2=" "><subfield code="a">Article</subfield></datafield><datafield tag="914" ind1=" " ind2=" "><subfield code="a">Journal:jnl3920180</subfield><subfield code="b">1466-822X</subfield><subfield code="c">28</subfield><subfield code="d">9</subfield><subfield code="e">1259</subfield></datafield><datafield tag="914" ind1=" " ind2=" "><subfield code="f">Global ecology and biogeography</subfield></datafield><datafield tag="916" ind1=" " ind2=" "><subfield code="a">Batch:2375</subfield></datafield><datafield tag="917" ind1=" " ind2=" "><subfield code="a">issued</subfield></datafield><datafield tag="918" ind1="2" ind2=" "><subfield code="a">John Wiley &amp; Sons, Inc</subfield><subfield code="e">provider</subfield><subfield code="5">DNAL</subfield></datafield><datafield tag="935" ind1=" " ind2=" "><subfield code="a">IND606564035</subfield><subfield code="9">ExL</subfield></datafield><datafield tag="949" ind1=" " ind2=" "><subfield code="a">2019-12-18</subfield></datafield><datafield tag="953" ind1=" " ind2=" "><subfield code="a">/data/metadata/incoming/wiley/1466822X_2019_28_9.xml</subfield></datafield><datafield tag="954" ind1=" " ind2=" "><subfield code="a">file:/data/metadata/staging/wiley/1466822X_2019_28_9.xml</subfield></datafield><datafield tag="955" ind1=" " ind2=" "><subfield code="a">/data/metadata/staging/wiley/</subfield></datafield><datafield tag="962" ind1=" " ind2=" "><subfield code="a">Batch:2375 reviewed on 2019-12-18T11:00:04Z</subfield></datafield><datafield tag="974" ind1=" " ind2=" "><subfield code="a">agid:6564035</subfield></datafield><datafield tag="983" ind1=" " ind2=" "><subfield code="a">2019-08-13</subfield></datafield><datafield tag="984" ind1=" " ind2=" "><subfield code="a">2019-12-18</subfield></datafield></record>