<record><leader>03771nab a2200637 u 4500</leader><controlfield tag="001">9915717409507426</controlfield><controlfield tag="005">20200508000000.0</controlfield><controlfield tag="008">200508e20091201xx |||||o|||||||||||eng||</controlfield><datafield tag="" ind1="7" ind2=" "><subfield code="a">IND601267448</subfield><subfield code="2">DNAL</subfield></datafield><datafield tag="024" ind1="7" ind2=" "><subfield code="a">10.2980/16-4-3285</subfield><subfield code="2">doi</subfield></datafield><datafield tag="035" ind1=" " ind2=" "><subfield code="a">agid:1267448-01nal_inst</subfield></datafield><datafield tag="040" ind1=" " ind2=" "><subfield code="a">AGL</subfield><subfield code="b">eng</subfield><subfield code="c">AGL</subfield></datafield><datafield tag="100" ind1="1" ind2=" "><subfield code="a">Vanhellemont, Margot</subfield><subfield code="e">author</subfield><subfield code="u">Laboratory of Forestry, Ghent University, Geraardsbergsesteenweg 267, B-9090Gontrode, Belgium, e-mail: Margot.Vanhellemont@UGent.be</subfield></datafield><datafield tag="245" ind1="1" ind2="4"><subfield code="a">The seedling bank stabilizes the erratic early regeneration stages of the invasive Prunus serotina</subfield></datafield><datafield tag="300" ind1=" " ind2=" "><subfield code="a">p. 452-460.</subfield></datafield><datafield tag="520" ind1=" " ind2=" "><subfield code="a">We studied the regeneration dynamics of the semi-shade-tolerant invasive tree species Prunus serotina in the understory of 7 pine stands in its introduced range for 4 y, focusing on temporal, spatial, and spatiotemporal patterns. In each 20- × 40-m study plot, we inventoried all trees and shrubs taller than 1 m, counted seedlings in 3 age-height classes (224 subplots), trapped P. serotina seed rain (84 subplots), and identified the P serotina seed trees. The seed set, seed rain density, and seedling densities of P. sertina all varied between the years and between the study plots, but the temporal stability of the spatial regeneration patterns increased with regeneration stage. There was a clear distinction between (1) seedlings smaller than 20 cm, younger than 6 y, occurring in very high densities and (2) seedlings between 20 cm and 1 m tall, older than 6 y, showing high spatiotemporal stability. Notwithstanding the large year-to-year variation in seed input, P serotina maintained its regeneration potential in the forest understory by building up a short-lived seedling bank. The seedling bank strategy might represent an efficient way towards site occupancy of shade-tolerant non-native species in forest understories with few shade-tolerant native species.</subfield></datafield><datafield tag="592" ind1=" " ind2=" "><subfield code="a">Publisher supplied data</subfield></datafield><datafield tag="593" ind1=" " ind2=" "><subfield code="a">PubAg article</subfield></datafield><datafield tag="650" ind1=" " ind2="3"><subfield code="a">Prunus serotina</subfield></datafield><datafield tag="650" ind1=" " ind2="3"><subfield code="a">forests</subfield></datafield><datafield tag="650" ind1=" " ind2="3"><subfield code="a">indigenous species</subfield></datafield><datafield tag="650" ind1=" " ind2="3"><subfield code="a">introduced species</subfield></datafield><datafield tag="650" ind1=" " ind2="3"><subfield code="a">invasive species</subfield></datafield><datafield tag="650" ind1=" " ind2="3"><subfield code="a">seed dispersal</subfield></datafield><datafield tag="650" ind1=" " ind2="3"><subfield code="a">seed set</subfield></datafield><datafield tag="650" ind1=" " ind2="3"><subfield code="a">seed trees</subfield></datafield><datafield tag="650" ind1=" " ind2="3"><subfield code="a">seedlings</subfield></datafield><datafield tag="650" ind1=" " ind2="3"><subfield code="a">shade tolerance</subfield></datafield><datafield tag="650" ind1=" " ind2="3"><subfield code="a">shrubs</subfield></datafield><datafield tag="650" ind1=" " ind2="3"><subfield code="a">understory</subfield></datafield><datafield tag="653" ind1=" " ind2="0"><subfield code="a">advance reproduction</subfield></datafield><datafield tag="653" ind1=" " ind2="0"><subfield code="a">biological invasions</subfield></datafield><datafield tag="653" ind1=" " ind2="0"><subfield code="a">Pinus sylvestris</subfield></datafield><datafield tag="653" ind1=" " ind2="0"><subfield code="a">seed rain</subfield></datafield><datafield tag="653" ind1=" " ind2="0"><subfield code="a">shade tolerant</subfield></datafield><datafield tag="653" ind1=" " ind2="0"><subfield code="a">spatiotemporal</subfield></datafield><datafield tag="700" ind1="1" ind2=" "><subfield code="a">Baeten, Lander</subfield><subfield code="e">author</subfield><subfield code="u">Laboratory of Forestry, Ghent University, Geraardsbergsesteenweg 267, B-9090Gontrode, Belgium, e-mail: Margot.Vanhellemont@UGent.be</subfield></datafield><datafield tag="700" ind1="1" ind2=" "><subfield code="a">Hermy, Martin</subfield><subfield code="e">author</subfield><subfield code="u">Division Forest, Nature and Landscape, K.U. Leuven, Celestijnenlaan 200e, B-3001Leuven, Belgium</subfield></datafield><datafield tag="700" ind1="1" ind2=" "><subfield code="a">Verheyen, Kris</subfield><subfield code="e">author</subfield><subfield code="u">Laboratory of Forestry, Ghent University, Geraardsbergsesteenweg 267, B-9090Gontrode, Belgium</subfield></datafield><datafield tag="773" ind1="0" ind2=" "><subfield code="t">Écoscience.</subfield><subfield code="g">2009 Dec. 1, v. 16, no. 4 p.452-460</subfield><subfield code="d">Taylor &amp; Francis</subfield><subfield code="w">Journal:19715</subfield><subfield code="x">2376-7626</subfield><subfield code="7">nnas</subfield></datafield><datafield tag="787" ind1="1" ind2=" "><subfield code="o">islandora_article_repository</subfield></datafield><datafield tag="787" ind1="1" ind2=" "><subfield code="o">product_pubag</subfield></datafield><datafield tag="787" ind1="1" ind2=" "><subfield code="o">(Journal)19715</subfield></datafield><datafield tag="856" ind1="4" ind2="0"><subfield code="u">https://dx.doi.org/10.2980/16-4-3285</subfield><subfield code="3">Available from publisher's site</subfield></datafield><datafield tag="912" ind1=" " ind2=" "><subfield code="a">Article</subfield></datafield><datafield tag="914" ind1=" " ind2=" "><subfield code="a">Journal:19715</subfield><subfield code="b">1195-6860</subfield><subfield code="c">16</subfield><subfield code="d">4</subfield><subfield code="e">452</subfield></datafield><datafield tag="914" ind1=" " ind2=" "><subfield code="f">Écoscience</subfield></datafield><datafield tag="916" ind1=" " ind2=" "><subfield code="a">Batch:1395</subfield></datafield><datafield tag="917" ind1=" " ind2=" "><subfield code="a">issued</subfield></datafield><datafield tag="918" ind1="2" ind2=" "><subfield code="a">Taylor &amp; Francis Group</subfield><subfield code="e">provider</subfield><subfield code="5">DNAL</subfield></datafield><datafield tag="935" ind1=" " ind2=" "><subfield code="a">IND601267448</subfield><subfield code="9">ExL</subfield></datafield><datafield tag="949" ind1=" " ind2=" "><subfield code="a">2-08-18</subfield></datafield><datafield tag="953" ind1=" " ind2=" "><subfield code="a" >/data/metadata/incoming/taylorfrancis/teco20_teco20.v.i04_20200416200943#20045617.zip</subfield></datafield><datafield tag="954" ind1=" " ind2=" "><subfield code="a">file:/data/metadata/staging/taylorfrancis/16-4-3285.xml</subfield></datafield><datafield tag="955" ind1=" " ind2=" "><subfield code="a">/data/metadata/staging/taylorfrancis/</subfield></datafield><datafield tag="974" ind1=" " ind2=" "><subfield code="a">agid:1267448</subfield></datafield><datafield tag="983" ind1=" " ind2=" "><subfield code="a">2020-05-08</subfield></datafield><datafield tag="984" ind1=" " ind2=" "><subfield code="a">2020-05-08</subfield></datafield></record>