<record><leader>04546nab a2200709 u 4500</leader><controlfield tag="001">9915717423507426</controlfield><controlfield tag="005">20221122093221.0</controlfield><controlfield tag="008">151127e200502 xx |||||o|||||||||||eng||</controlfield><datafield tag="" ind1="7" ind2=" "><subfield code="a">IND500651483</subfield><subfield code="2">DNAL</subfield></datafield><datafield tag="024" ind1="7" ind2=" "><subfield code="a">10.1007/s11119-009-9146-9</subfield><subfield code="2">doi</subfield></datafield><datafield tag="035" ind1=" " ind2=" "><subfield code="a">agid:115102-01nal_inst</subfield></datafield><datafield tag="040" ind1=" " ind2=" "><subfield code="a">AGL</subfield><subfield code="b">eng</subfield><subfield code="c">AGL</subfield></datafield><datafield tag="100" ind1="1" ind2=" "><subfield code="a">Druckenbrod, Daniel L.</subfield><subfield code="e">author</subfield><subfield code="u">Environmental Sciences Division, Oak Ridge National Laboratory, P.O. Box 2008, Oak Ridge, TN 37831-6036, USA</subfield></datafield><datafield tag="245" ind1="1" ind2="0"><subfield code="a">Spatial pattern and process in forest stands within the Virginia piedmont</subfield></datafield><datafield tag="300" ind1=" " ind2=" "><subfield code="a">p. 37-48.</subfield></datafield><datafield tag="520" ind1=" " ind2=" "><subfield code="a">Question: Underlying ecological processes have often been inferred from the analysis of spatial patterns in ecosystems. Using an individual-based model, we evaluate whether basic assumptions of species' life-history, drought-susceptibility, and shade tolerance generate dynamics that replicate patterns between and within forest stands.Location: Virginia piedmont, USA.Method: Model verification examines the transition in forest composition and stand structure between mesic, intermediate and xeric sites. At each site, tree location, diameter, and status were recorded in square plots ranging from 0.25 to 1.0 ha. Model validation examines the simulated spatial pattern of individual trees at scales of 1––25 m within each forest site using a univariate Ripley's K function.Results: 7512 live and dead trees were surveyed across all sites. All sites exhibit a consistent, significant shift in pattern for live trees by size, progressing from a clumped understorey (trees ≥≥ 0.1 m in diameter) to a uniform overstorey (trees &gt; 0.25 m). Simulation results reflect not only the general shift in pattern of trees at appropriate scales within sites, but also the general transition in species composition and stand structure between sites.Conclusions: This shift has been observed in other forest ecosystems and interpreted as a result of competition; however, this hypothesis has seldom been evaluated using simulation models. These results support the hypothesis that forest pattern in the Virginia piedmont results from competition involving species' life-history attributes driven by soil moisture availability between sites and light availability within sites.Nomenclature: Harlow et al. (1996).Abbreviations: ALB == Above-ground live biomass; BA == Basal area; CSR == Complete spatial randomness; DBH == Diameter at breast height; LAI == Leaf area index; MUSE == Multistrata spatially explicit model; PET == Potential evapo-transpiration.</subfield></datafield><datafield tag="592" ind1=" " ind2=" "><subfield code="a">Publisher supplied data</subfield></datafield><datafield tag="593" ind1=" " ind2=" "><subfield code="a">PubAg article</subfield></datafield><datafield tag="650" ind1=" " ind2="3"><subfield code="a">dead wood</subfield></datafield><datafield tag="650" ind1=" " ind2="3"><subfield code="a">forest ecosystems</subfield></datafield><datafield tag="650" ind1=" " ind2="3"><subfield code="a">forest stands</subfield></datafield><datafield tag="650" ind1=" " ind2="3"><subfield code="a">forests</subfield></datafield><datafield tag="650" ind1=" " ind2="3"><subfield code="a">model validation</subfield></datafield><datafield tag="650" ind1=" " ind2="3"><subfield code="a">overstory</subfield></datafield><datafield tag="650" ind1=" " ind2="3"><subfield code="a">piedmont</subfield></datafield><datafield tag="650" ind1=" " ind2="3"><subfield code="a">shade tolerance</subfield></datafield><datafield tag="650" ind1=" " ind2="3"><subfield code="a">simulation models</subfield></datafield><datafield tag="650" ind1=" " ind2="3"><subfield code="a">soil water</subfield></datafield><datafield tag="650" ind1=" " ind2="3"><subfield code="a">species diversity</subfield></datafield><datafield tag="650" ind1=" " ind2="3"><subfield code="a">stand composition</subfield></datafield><datafield tag="650" ind1=" " ind2="3"><subfield code="a">stand structure</subfield></datafield><datafield tag="650" ind1=" " ind2="3"><subfield code="a">trees</subfield></datafield><datafield tag="650" ind1=" " ind2="3"><subfield code="a">understory</subfield></datafield><datafield tag="651" ind1=" " ind2="3"><subfield code="a">Virginia</subfield></datafield><datafield tag="653" ind1=" " ind2="0"><subfield code="a">Individual-based model</subfield></datafield><datafield tag="653" ind1=" " ind2="0"><subfield code="a">MUSE</subfield></datafield><datafield tag="653" ind1=" " ind2="0"><subfield code="a">Point pattern analysis</subfield></datafield><datafield tag="653" ind1=" " ind2="0"><subfield code="a">Resource competition</subfield></datafield><datafield tag="653" ind1=" " ind2="0"><subfield code="a">Ripley's K function</subfield></datafield><datafield tag="653" ind1=" " ind2="0"><subfield code="a">Soil moisture</subfield></datafield><datafield tag="700" ind1="1" ind2=" "><subfield code="a">Shugart, Herman H.</subfield><subfield code="e">author</subfield><subfield code="u">Department of Environmental Sciences, University of Virginia, 291 McCormick Rd., Charlottesville, VA 22904-4123, USA</subfield></datafield><datafield tag="700" ind1="1" ind2=" "><subfield code="a">Davies, Ian</subfield><subfield code="e">author</subfield><subfield code="u">Ecosystems Dynamics Group, Research School of Biological Sciences, GPO Box 475, Canberra ACT 2601, Australia</subfield></datafield><datafield tag="773" ind1="0" ind2=" "><subfield code="t">Journal of vegetation science.</subfield><subfield code="g">2005 Feb., v. 16, no. 1 p.37-48</subfield><subfield code="d">Opulus Press</subfield><subfield code="w">Journal:jnl46820</subfield><subfield code="x">1100-9233</subfield><subfield code="7">nnas</subfield></datafield><datafield tag="787" ind1="1" ind2=" "><subfield code="o">islandora_article_repository</subfield></datafield><datafield tag="787" ind1="1" ind2=" "><subfield code="o">product_pubag</subfield></datafield><datafield tag="787" ind1="1" ind2=" "><subfield code="o">(Journal)jnl46820</subfield></datafield><datafield tag="856" ind1="4" ind2="0"><subfield code="u" >https://dx.doi.org/10.1007/s11119-009-9146-9</subfield><subfield code="3">Available from publisher's site</subfield></datafield><datafield tag="912" ind1=" " ind2=" "><subfield code="a">Article</subfield></datafield><datafield tag="914" ind1=" " ind2=" "><subfield code="a">Journal:jnl46820</subfield><subfield code="b">1100-9233</subfield><subfield code="c">16</subfield><subfield code="d">1</subfield><subfield code="e">37</subfield></datafield><datafield tag="914" ind1=" " ind2=" "><subfield code="f">Journal of vegetation science</subfield></datafield><datafield tag="916" ind1=" " ind2=" "><subfield code="a">Batch:663</subfield></datafield><datafield tag="917" ind1=" " ind2=" "><subfield code="a">issued</subfield></datafield><datafield tag="918" ind1="2" ind2=" "><subfield code="a">BioOne</subfield><subfield code="e">provider</subfield><subfield code="5">DNAL</subfield></datafield><datafield tag="935" ind1=" " ind2=" "><subfield code="a">IND500651483</subfield><subfield code="9">ExL</subfield></datafield><datafield tag="949" ind1=" " ind2=" "><subfield code="a">2014-10-09</subfield></datafield><datafield tag="953" ind1=" " ind2=" "><subfield code="a">VEGSv16i1-04290045-175012.zip</subfield></datafield><datafield tag="962" ind1=" " ind2=" "><subfield code="a">Batch:663 annotated on 2014-09-16T12:27:54Z</subfield></datafield><datafield tag="962" ind1=" " ind2=" "><subfield code="a">Batch:663 reviewed on 2014-10-08T16:00:02Z</subfield></datafield><datafield tag="962" ind1=" " ind2=" "><subfield code="a">Batch:663 reviewed on 2014-10-09T04:00:02Z</subfield></datafield><datafield tag="974" ind1=" " ind2=" "><subfield code="a">agid:115102</subfield></datafield><datafield tag="983" ind1=" " ind2=" "><subfield code="a">2015-11-27</subfield></datafield><datafield tag="984" ind1=" " ind2=" "><subfield code="a">2018-06-25</subfield></datafield></record>