<record><leader>06269nab a2200853 u 4500</leader><controlfield tag="001">9915718161407426</controlfield><controlfield tag="005">20221119201444.0</controlfield><controlfield tag="008">180905e201809 xx |||||o|||||||||||eng||</controlfield><datafield tag="" ind1="7" ind2=" "><subfield code="a">IND606123447</subfield><subfield code="2">DNAL</subfield></datafield><datafield tag="024" ind1="7" ind2=" "><subfield code="a">10.1002/eap.1749</subfield><subfield code="2">doi</subfield></datafield><datafield tag="035" ind1=" " ind2=" "><subfield code="a">agid:6123447-01nal_inst</subfield></datafield><datafield tag="040" ind1=" " ind2=" "><subfield code="a">AGL</subfield><subfield code="b">eng</subfield><subfield code="c">AGL</subfield></datafield><datafield tag="100" ind1="1" ind2=" "><subfield code="a">Lecina‐Diaz, Judit</subfield><subfield code="e">author</subfield><subfield code="u">CREAF, E08193 Bellaterra (Cerdanyola del Vallès), Catalonia, Spain</subfield><subfield code="1">https://orcid.org/0000-0002-6867-5886</subfield></datafield><datafield tag="245" ind1="1" ind2="4"><subfield code="a">The positive carbon stocks–biodiversity relationship in forests: co‐occurrence and drivers across five subclimates</subfield></datafield><datafield tag="300" ind1=" " ind2=" "><subfield code="a">p. 1481-1493.</subfield></datafield><datafield tag="500" ind1=" " ind2=" "><subfield code="a">JOURNAL ARTICLE</subfield></datafield><datafield tag="520" ind1=" " ind2=" "><subfield code="a">Carbon storage in forests and its ability to offset global greenhouse gas emissions, as well as biodiversity and its capacity to support ecosystem functions and services, are often considered separately in landscape planning. However, the potential synergies between them are currently poorly understood. Identifying the spatial patterns and factors driving their co‐occurrence across different climatic zones is critical to more effectively conserve forest ecosystems at the regional level. Here, we integrated information of National Forest Inventories and Breeding Bird Atlases across Europe and North America (Spain and Quebec, respectively), covering five subclimates (steppe, dry Mediterranean, humid Mediterranean, boreal, and temperate). In particular, this study aimed to (1) determine the spatial patterns of both forest carbon stocks and biodiversity (bird richness, tree richness, and overall biodiversity) and the factors that influence them; (2) establish the relationships between forest carbon stocks and biodiversity; and (3) define and characterize the areas of high (hotspots) and low (coldspots) values of carbon and biodiversity, and ultimately quantify their spatial overlap. Our results show that the factors affecting carbon and biodiversity vary between regions and subclimates. The highest values of carbon and biodiversity were found in northern Spain (humid Mediterranean subclimate) and southern Quebec (temperate subclimate) where there was more carbon as climate conditions were less limiting. High density and structural diversity simultaneously favored carbon stocks, tree, and overall biodiversity, especially in isolated and mountainous areas, often associated with steeper slopes and low accessibility. In addition, the relationship between carbon stocks and biodiversity was positive in both regions and all subclimates, being stronger where climate is a limiting factor for forest growth. The spatial overlap between hotspots of carbon and biodiversity provides an excellent opportunity for landscape planning to maintain carbon stocks and conserve biodiversity. The variables positively affecting carbon and biodiversity were also driving the hotspots of both carbon and biodiversity, emphasizing the viability of “win‐win” solutions. Our results highlight the need to jointly determine the spatial patterns of ecosystem services and biodiversity for an effective and sustainable planning of forest landscapes that simultaneously support conservation and mitigate climate change.</subfield></datafield><datafield tag="592" ind1=" " ind2=" "><subfield code="a">Publisher supplied data</subfield></datafield><datafield tag="593" ind1=" " ind2=" "><subfield code="a">PubAg article</subfield></datafield><datafield tag="596" ind1=" " ind2=" "><subfield code="a">PIRSES‐GA‐2013‐612645</subfield><subfield code="c">Marie Curie IRSES project “NEWFORESTS”</subfield></datafield><datafield tag="596" ind1=" " ind2=" "><subfield code="a">CGL2014‐59742‐C2‐1‐R</subfield><subfield code="a">BES‐2015‐073854</subfield><subfield code="c">Spanish Ministry of Economy and Competitiveness</subfield></datafield><datafield tag="596" ind1=" " ind2=" "><subfield code="a">ED481B2/084‐0</subfield><subfield code="c">Xunta de Galicia</subfield></datafield><datafield tag="650" ind1=" " ind2="3"><subfield code="a">biodiversity</subfield></datafield><datafield tag="650" ind1=" " ind2="3"><subfield code="a">birds</subfield></datafield><datafield tag="650" ind1=" " ind2="3"><subfield code="a">breeding</subfield></datafield><datafield tag="650" ind1=" " ind2="3"><subfield code="a">carbon</subfield></datafield><datafield tag="650" ind1=" " ind2="3"><subfield code="a">carbon sequestration</subfield></datafield><datafield tag="650" ind1=" " ind2="3"><subfield code="a">carbon sinks</subfield></datafield><datafield tag="650" ind1=" " ind2="3"><subfield code="a">climate change</subfield></datafield><datafield tag="650" ind1=" " ind2="3"><subfield code="a">climatic zones</subfield></datafield><datafield tag="650" ind1=" " ind2="3"><subfield code="a">ecological function</subfield></datafield><datafield tag="650" ind1=" " ind2="3"><subfield code="a">ecosystem services</subfield></datafield><datafield tag="650" ind1=" " ind2="3"><subfield code="a">enzymes</subfield></datafield><datafield tag="650" ind1=" " ind2="3"><subfield code="a">forest ecosystems</subfield></datafield><datafield tag="650" ind1=" " ind2="3"><subfield code="a">forest growth</subfield></datafield><datafield tag="650" ind1=" " ind2="3"><subfield code="a">forest inventory</subfield></datafield><datafield tag="650" ind1=" " ind2="3"><subfield code="a">forests</subfield></datafield><datafield tag="650" ind1=" " ind2="3"><subfield code="a">greenhouse gas emissions</subfield></datafield><datafield tag="650" ind1=" " ind2="3"><subfield code="a">landscapes</subfield></datafield><datafield tag="650" ind1=" " ind2="3"><subfield code="a">mountains</subfield></datafield><datafield tag="650" ind1=" " ind2="3"><subfield code="a">national forests</subfield></datafield><datafield tag="650" ind1=" " ind2="3"><subfield code="a">planning</subfield></datafield><datafield tag="650" ind1=" " ind2="3"><subfield code="a">steppes</subfield></datafield><datafield tag="650" ind1=" " ind2="3"><subfield code="a">topographic maps</subfield></datafield><datafield tag="650" ind1=" " ind2="3"><subfield code="a">trees</subfield></datafield><datafield tag="650" ind1=" " ind2="3"><subfield code="a">viability</subfield></datafield><datafield tag="651" ind1=" " ind2="3"><subfield code="a">Quebec</subfield></datafield><datafield tag="651" ind1=" " ind2="3"><subfield code="a">Spain</subfield></datafield><datafield tag="700" ind1="1" ind2=" "><subfield code="a">Alvarez, Albert</subfield><subfield code="e">author</subfield><subfield code="u">CREAF, E08193 Bellaterra (Cerdanyola del Vallès), Catalonia, Spain</subfield></datafield><datafield tag="700" ind1="1" ind2=" "><subfield code="a">Regos, Adrián</subfield><subfield code="e">author</subfield><subfield code="u">CIBIO/InBIO, Research Center in Biodiversity and Genetic Resources, ECOCHANGE Group, Vairão, Portugal</subfield><subfield code="1">https://orcid.org/0000-0003-1983-936X</subfield></datafield><datafield tag="700" ind1="1" ind2=" "><subfield code="a">Drapeau, Pierre</subfield><subfield code="e">author</subfield><subfield code="u">Département des Sciences Biologiques, Université du Québec à Montréal, Montréal, Québec , H3C 3P8, Canada</subfield><subfield code="1">https://orcid.org/0000-0002-1115-2531</subfield></datafield><datafield tag="700" ind1="1" ind2=" "><subfield code="a">Paquette, Alain</subfield><subfield code="e">author</subfield><subfield code="u">Département des Sciences Biologiques, Université du Québec à Montréal, Montréal, Québec , H3C 3P8, Canada</subfield><subfield code="1">https://orcid.org/0000-0003-1048-9674</subfield></datafield><datafield tag="700" ind1="1" ind2=" "><subfield code="a">Messier, Christian</subfield><subfield code="e">author</subfield><subfield code="u">Département des Sciences Biologiques, Université du Québec à Montréal, Montréal, Québec , H3C 3P8, Canada</subfield></datafield><datafield tag="700" ind1="1" ind2=" "><subfield code="a">Retana, Javier</subfield><subfield code="e">author</subfield><subfield code="u">CREAF, E08193 Bellaterra (Cerdanyola del Vallès), Catalonia, Spain</subfield><subfield code="1">https://orcid.org/0000-0002-7505-9467</subfield></datafield><datafield tag="773" ind1="0" ind2=" "><subfield code="t">Ecological applications.</subfield><subfield code="g">2018 Sept., v. 28, no. 6 p.1481-1493</subfield><subfield code="d">John Wiley &amp; Sons, Ltd</subfield><subfield code="w">Journal:jnl47193</subfield><subfield code="x">1051-0761</subfield><subfield code="7">nnas</subfield></datafield><datafield tag="787" ind1="1" ind2=" "><subfield code="o">islandora_article_repository</subfield></datafield><datafield tag="787" ind1="1" ind2=" "><subfield code="o">product_pubag</subfield></datafield><datafield tag="787" ind1="1" ind2=" "><subfield code="o">(Journal)jnl47193</subfield></datafield><datafield tag="856" ind1="4" ind2="0"><subfield code="u">http://dx.doi.org/10.1002/eap.1749</subfield><subfield code="3">Available from publisher's site</subfield></datafield><datafield tag="912" ind1=" " ind2=" "><subfield code="a">Article</subfield></datafield><datafield tag="914" ind1=" " ind2=" "><subfield code="a">Journal:jnl47193</subfield><subfield code="b">1051-0761</subfield><subfield code="c">28</subfield><subfield code="d">6</subfield><subfield code="e">1481</subfield></datafield><datafield tag="914" ind1=" " ind2=" "><subfield code="f">Ecological applications</subfield></datafield><datafield tag="916" ind1=" " ind2=" "><subfield code="a">Batch:2110</subfield></datafield><datafield tag="917" ind1=" " ind2=" "><subfield code="a">issued</subfield></datafield><datafield tag="918" ind1="2" ind2=" "><subfield code="a">John Wiley &amp; Sons, Inc</subfield><subfield code="e">provider</subfield><subfield code="5">DNAL</subfield></datafield><datafield tag="935" ind1=" " ind2=" "><subfield code="a">IND606123447</subfield><subfield code="9">ExL</subfield></datafield><datafield tag="949" ind1=" " ind2=" "><subfield code="a">2018-12-13</subfield></datafield><datafield tag="953" ind1=" " ind2=" "><subfield code="a">/data/metadata/incoming/wiley/10510761_2018_28_6.xml</subfield></datafield><datafield tag="954" ind1=" " ind2=" "><subfield code="a">file:/data/metadata/staging/wiley/10510761_2018_28_6.xml</subfield></datafield><datafield tag="955" ind1=" " ind2=" "><subfield code="a">/data/metadata/staging/wiley/</subfield></datafield><datafield tag="962" ind1=" " ind2=" "><subfield code="a">Batch:2110 reviewed on 2018-12-13T15:00:03Z</subfield></datafield><datafield tag="974" ind1=" " ind2=" "><subfield code="a">agid:6123447</subfield></datafield><datafield tag="983" ind1=" " ind2=" "><subfield code="a">2018-09-05</subfield></datafield><datafield tag="984" ind1=" " ind2=" "><subfield code="a">2018-12-13</subfield></datafield></record>