<record><leader>05332nab a2200769 u 4500</leader><controlfield tag="001">9915718169107426</controlfield><controlfield tag="005">20221119201433.0</controlfield><controlfield tag="008">180905e201809 xx |||||o|||||||||||eng||</controlfield><datafield tag="" ind1="7" ind2=" "><subfield code="a">IND606123446</subfield><subfield code="2">DNAL</subfield></datafield><datafield tag="024" ind1="7" ind2=" "><subfield code="a">10.1002/eap.1756</subfield><subfield code="2">doi</subfield></datafield><datafield tag="035" ind1=" " ind2=" "><subfield code="a">agid:6123446-01nal_inst</subfield></datafield><datafield tag="040" ind1=" " ind2=" "><subfield code="a">AGL</subfield><subfield code="b">eng</subfield><subfield code="c">AGL</subfield></datafield><datafield tag="100" ind1="1" ind2=" "><subfield code="a">Shive, Kristen L.</subfield><subfield code="e">author</subfield><subfield code="u">Department of Environmental Science, Policy and Management, University of California, Berkeley, California, 94703, USA</subfield></datafield><datafield tag="245" ind1="1" ind2="0"><subfield code="a">From the stand scale to the landscape scale: predicting the spatial patterns of forest regeneration after disturbance</subfield></datafield><datafield tag="300" ind1=" " ind2=" "><subfield code="a">p. 1626-1639.</subfield></datafield><datafield tag="500" ind1=" " ind2=" "><subfield code="a">JOURNAL ARTICLE</subfield></datafield><datafield tag="500" ind1=" " ind2=" "><subfield code="a">2019-12-06</subfield></datafield><datafield tag="520" ind1=" " ind2=" "><subfield code="a">Shifting disturbance regimes can have cascading effects on many ecosystems processes. This is particularly true when the scale of the disturbance no longer matches the regeneration strategy of the dominant vegetation. In the yellow pine and mixed conifer forests of California, over a century of fire exclusion and the warming climate are increasing the incidence and extent of stand‐replacing wildfire; such changes in severity patterns are altering regeneration dynamics by dramatically increasing the distance from live tree seed sources. This has raised concerns about limitations to natural reforestation and the potential for conversion to non‐forested vegetation types, which in turn has implications for shifts in many ecological processes and ecosystem services. We used a California region‐wide data set with 1,848 plots across 24 wildfires in yellow pine and mixed conifer forests to build a spatially explicit habitat suitability model for forecasting postfire forest regeneration. To model the effect of seed availability, the critical initial biological filter for regeneration, we used a novel approach to predicting spatial patterns of seed availability by estimating annual seed production from existing basal area and burn severity maps. The probability of observing any conifer seedling in a 60‐m² area (the field plot scale) was highly dependent on 30‐yr average annual precipitation, burn severity, and seed availability. We then used this model to predict regeneration probabilities across the entire extent of a “new” fire (the 2014 King Fire), which highlights the spatial variability inherent in postfire regeneration patterns. Such forecasts of postfire regeneration patterns are of importance to land managers and conservationists interested in maintaining forest cover on the landscape. Our tool can also help anticipate shifts in ecosystem properties, supporting researchers interested in investigating questions surrounding alternative stable states, and the interaction of altered disturbance regimes and the changing climate.</subfield></datafield><datafield tag="592" ind1=" " ind2=" "><subfield code="a">Publisher supplied data</subfield></datafield><datafield tag="593" ind1=" " ind2=" "><subfield code="a">PubAg article</subfield></datafield><datafield tag="596" ind1=" " ind2=" "><subfield code="c">USDA Forest Service, Pacific Southwest Region</subfield></datafield><datafield tag="596" ind1=" " ind2=" "><subfield code="c">University of California, Berkeley</subfield></datafield><datafield tag="650" ind1=" " ind2="3"><subfield code="a">conifers</subfield></datafield><datafield tag="650" ind1=" " ind2="3"><subfield code="a">probability</subfield></datafield><datafield tag="650" ind1=" " ind2="3"><subfield code="a">ecosystem services</subfield></datafield><datafield tag="650" ind1=" " ind2="3"><subfield code="a">landscapes</subfield></datafield><datafield tag="650" ind1=" " ind2="3"><subfield code="a">seedlings</subfield></datafield><datafield tag="650" ind1=" " ind2="3"><subfield code="a">data collection</subfield></datafield><datafield tag="650" ind1=" " ind2="3"><subfield code="a">coniferous forests</subfield></datafield><datafield tag="650" ind1=" " ind2="3"><subfield code="a">models</subfield></datafield><datafield tag="650" ind1=" " ind2="3"><subfield code="a">wildfires</subfield></datafield><datafield tag="650" ind1=" " ind2="3"><subfield code="a">climate change</subfield></datafield><datafield tag="650" ind1=" " ind2="3"><subfield code="a">natural regeneration</subfield></datafield><datafield tag="650" ind1=" " ind2="3"><subfield code="a">ecosystems</subfield></datafield><datafield tag="650" ind1=" " ind2="3"><subfield code="a">atmospheric precipitation</subfield></datafield><datafield tag="650" ind1=" " ind2="3"><subfield code="a">stand basal area</subfield></datafield><datafield tag="650" ind1=" " ind2="3"><subfield code="a">habitats</subfield></datafield><datafield tag="650" ind1=" " ind2="3"><subfield code="a">prediction</subfield></datafield><datafield tag="651" ind1=" " ind2="3"><subfield code="a">California</subfield></datafield><datafield tag="653" ind1=" " ind2="0"><subfield code="a">basal area</subfield></datafield><datafield tag="700" ind1="1" ind2=" "><subfield code="a">Preisler, Haiganoush K.</subfield><subfield code="e">author</subfield><subfield code="u">USDA Forest Service, Pacific Southwest Research Station, Albany, California, 94710, USA</subfield></datafield><datafield tag="700" ind1="1" ind2=" "><subfield code="a">Welch, Kevin R.</subfield><subfield code="e">author</subfield><subfield code="u">Department of Environmental Science and Policy, University of California, Davis, California, 95616, USA</subfield></datafield><datafield tag="700" ind1="1" ind2=" "><subfield code="a">Safford, Hugh D.</subfield><subfield code="e">author</subfield><subfield code="u">USDA Forest Service, Pacific Southwest Region, Vallejo, California, 94592, USA</subfield></datafield><datafield tag="700" ind1="1" ind2=" "><subfield code="a">Butz, Ramona J.</subfield><subfield code="e">author</subfield><subfield code="u">USDA Forest Service, Pacific Southwest Region, Vallejo, California, 94592, USA</subfield></datafield><datafield tag="700" ind1="1" ind2=" "><subfield code="a">O'Hara, Kevin L.</subfield><subfield code="e">author</subfield><subfield code="u">Department of Environmental Science, Policy and Management, University of California, Berkeley, California, 94703, USA</subfield></datafield><datafield tag="700" ind1="1" ind2=" "><subfield code="a">Stephens, Scott L.</subfield><subfield code="e">author</subfield><subfield code="u">Department of Environmental Science, Policy and Management, University of California, Berkeley, California, 94703, USA</subfield></datafield><datafield tag="773" ind1="0" ind2=" "><subfield code="t">Ecological applications.</subfield><subfield code="g">2018 Sept., v. 28, no. 6 p.1626-1639</subfield><subfield code="d">John Wiley &amp; Sons, Ltd</subfield><subfield code="w">Journal:jnl47193</subfield><subfield code="x">1051-0761</subfield><subfield code="7">nnas</subfield></datafield><datafield tag="787" ind1="1" ind2=" "><subfield code="o">islandora_article_repository</subfield></datafield><datafield tag="787" ind1="1" ind2=" "><subfield code="o">product_pubag</subfield></datafield><datafield tag="787" ind1="1" ind2=" "><subfield code="o">(Journal)jnl47193</subfield></datafield><datafield tag="856" ind1="4" ind2="0"><subfield code="u">http://dx.doi.org/10.1002/eap.1756</subfield><subfield code="3">Available from publisher's site</subfield></datafield><datafield tag="912" ind1=" " ind2=" "><subfield code="a">Article</subfield></datafield><datafield tag="914" ind1=" " ind2=" "><subfield code="a">Journal:jnl47193</subfield><subfield code="b">1051-0761</subfield><subfield code="c">28</subfield><subfield code="d">6</subfield><subfield code="e">1626</subfield></datafield><datafield tag="914" ind1=" " ind2=" "><subfield code="f">Ecological applications</subfield></datafield><datafield tag="916" ind1=" " ind2=" "><subfield code="a">Batch:2110</subfield></datafield><datafield tag="917" ind1=" " ind2=" "><subfield code="a">issued</subfield></datafield><datafield tag="918" ind1="2" ind2=" "><subfield code="a">John Wiley &amp; Sons, Inc</subfield><subfield code="e">provider</subfield><subfield code="5">DNAL</subfield></datafield><datafield tag="935" ind1=" " ind2=" "><subfield code="a">IND606123446</subfield><subfield code="9">ExL</subfield></datafield><datafield tag="949" ind1=" " ind2=" "><subfield code="a">2018-12-13</subfield></datafield><datafield tag="953" ind1=" " ind2=" "><subfield code="a">/data/metadata/incoming/wiley/10510761_2018_28_6.xml</subfield></datafield><datafield tag="954" ind1=" " ind2=" "><subfield code="a">file:/data/metadata/staging/wiley/10510761_2018_28_6.xml</subfield></datafield><datafield tag="955" ind1=" " ind2=" "><subfield code="a">/data/metadata/staging/wiley/</subfield></datafield><datafield tag="961" ind1=" " ind2=" "><subfield code="a">USDA/FS</subfield></datafield><datafield tag="962" ind1=" " ind2=" "><subfield code="a">Batch:2110 reviewed on 2018-12-13T15:00:03Z</subfield></datafield><datafield tag="974" ind1=" " ind2=" "><subfield code="a">agid:6123446</subfield></datafield><datafield tag="983" ind1=" " ind2=" "><subfield code="a">2018-09-05</subfield></datafield><datafield tag="984" ind1=" " ind2=" "><subfield code="a">2018-12-13</subfield></datafield></record>