<record><leader>04167nab a2200661 u 4500</leader><controlfield tag="001">9915718246907426</controlfield><controlfield tag="005">20221119201801.0</controlfield><controlfield tag="008">121003e201206 xx |||||o|||||||||||eng||</controlfield><datafield tag="" ind1="7" ind2=" "><subfield code="a">IND44760208</subfield><subfield code="2">DNAL</subfield></datafield><datafield tag="024" ind1="7" ind2=" "><subfield code="a">10.1007/s10592-011-0311-0</subfield><subfield code="2">doi</subfield></datafield><datafield tag="035" ind1=" " ind2=" "><subfield code="a">agid:396419-01nal_inst</subfield></datafield><datafield tag="040" ind1=" " ind2=" "><subfield code="a">AGL</subfield><subfield code="b">eng</subfield><subfield code="c">AGL</subfield></datafield><datafield tag="100" ind1="1" ind2=" "><subfield code="a">Manoel, Ricardo O.</subfield><subfield code="e">author</subfield><subfield code="u">Faculdade de Engenharia de Ilha Solteira/UNESP, Caixa Postal 31, Ilha Solteira, SP, 15385-000, Brazil,</subfield></datafield><datafield tag="245" ind1="1" ind2="0"><subfield code="a">Contemporary pollen flow, mating patterns and effective population size inferred from paternity analysis in a small fragmented population of the Neotropical tree Copaifera langsdorffii Desf. (Leguminosae-Caesalpinioideae)</subfield></datafield><datafield tag="300" ind1=" " ind2=" "><subfield code="a">p. 613-623.</subfield></datafield><datafield tag="520" ind1=" " ind2=" "><subfield code="a">Pollen flow and dispersal patterns were investigated in a small, isolated forest fragment of the Neotropical insect pollinated tree Copaifera langsdorffii, using paternity analysis and eight microsatellite loci. We also investigated the coancestry and effective population size of progeny arrays for conservation and environmental restoration purposes. Open-pollinated seeds were collected from 15 seed trees within the forest fragment, in which all adult trees were mapped, measured and genotyped. Twenty seeds were also collected from the nearest neighbor tree located 1.2 km from the forest fragment. Our results show that levels of genetic diversity were significantly higher in adults than offspring and significant levels of inbreeding were detected in offspring (F = 0.226). From paternity analysis, we observed low levels of selfing (s = 8%) and pollen immigration (m = 8%) in the fragment, but very high levels were detected for the isolated tree (s = 20%; m = 75%), indicating that the population and the tree are not reproductively isolated and are connected by patterns of long distance pollen dispersal (maximum detected 1,420 m). Within the forest fragment, the pattern of pollen dispersal was a near neighbor pattern with 49% of the pollen being dispersed within 50 m. The effective population size of the progeny array was low, indicating the need to collect seeds from a large number of seed trees (at least 76) for conservation purposes. The results show that the spatial isolation of the population and isolated tree due to forest fragmentation has not disrupted genetic connectivity; however, spatial isolation does seem to increase selfing and correlated mating.</subfield></datafield><datafield tag="592" ind1=" " ind2=" "><subfield code="a">Publisher supplied data</subfield></datafield><datafield tag="593" ind1=" " ind2=" "><subfield code="a">PubAg article</subfield></datafield><datafield tag="650" ind1=" " ind2="3"><subfield code="a">Copaifera langsdorffii</subfield></datafield><datafield tag="650" ind1=" " ind2="3"><subfield code="a">adults</subfield></datafield><datafield tag="650" ind1=" " ind2="3"><subfield code="a">genetic variation</subfield></datafield><datafield tag="650" ind1=" " ind2="3"><subfield code="a">habitat fragmentation</subfield></datafield><datafield tag="650" ind1=" " ind2="3"><subfield code="a">inbreeding</subfield></datafield><datafield tag="650" ind1=" " ind2="3"><subfield code="a">microsatellite repeats</subfield></datafield><datafield tag="650" ind1=" " ind2="3"><subfield code="a">paternity</subfield></datafield><datafield tag="650" ind1=" " ind2="3"><subfield code="a">pollen</subfield></datafield><datafield tag="650" ind1=" " ind2="3"><subfield code="a">pollen flow</subfield></datafield><datafield tag="650" ind1=" " ind2="3"><subfield code="a">population size</subfield></datafield><datafield tag="650" ind1=" " ind2="3"><subfield code="a">progeny</subfield></datafield><datafield tag="650" ind1=" " ind2="3"><subfield code="a">seed trees</subfield></datafield><datafield tag="650" ind1=" " ind2="3"><subfield code="a">seeds</subfield></datafield><datafield tag="650" ind1=" " ind2="3"><subfield code="a">selfing</subfield></datafield><datafield tag="650" ind1=" " ind2="3"><subfield code="a">tropics</subfield></datafield><datafield tag="700" ind1="1" ind2=" "><subfield code="a">Alves, Patrícia F.</subfield><subfield code="e">author</subfield></datafield><datafield tag="700" ind1="1" ind2=" "><subfield code="a">Dourado, Cecília L.</subfield><subfield code="e">author</subfield></datafield><datafield tag="700" ind1="1" ind2=" "><subfield code="a">Gaino, Ana P. S. C.</subfield><subfield code="e">author</subfield></datafield><datafield tag="700" ind1="1" ind2=" "><subfield code="a">Freitas, Miguel L. M.</subfield><subfield code="e">author</subfield></datafield><datafield tag="700" ind1="1" ind2=" "><subfield code="a">Moraes, Mário L. T.</subfield><subfield code="e">author</subfield></datafield><datafield tag="700" ind1="1" ind2=" "><subfield code="a">Sebbenn, Alexandre M.</subfield><subfield code="e">author</subfield></datafield><datafield tag="773" ind1="0" ind2=" "><subfield code="t">Conservation genetics.</subfield><subfield code="g">2012 June, v. 13, no. 3 p.613-623</subfield><subfield code="d">Springer-Verlag</subfield><subfield code="x">1566-0621</subfield><subfield code="7">nnas</subfield></datafield><datafield tag="787" ind1="1" ind2=" "><subfield code="o">islandora_article_repository</subfield></datafield><datafield tag="787" ind1="1" ind2=" "><subfield code="o">product_pubag</subfield></datafield><datafield tag="787" ind1="1" ind2=" "><subfield code="o">(Journal)jnl3870040</subfield></datafield><datafield tag="856" ind1="4" ind2="0"><subfield code="u">http://dx.doi.org/10.1007/s10592-011-0311-0</subfield></datafield><datafield tag="912" ind1=" " ind2=" "><subfield code="a">Article</subfield></datafield><datafield tag="914" ind1=" " ind2=" "><subfield code="a">Journal:jnl3870040</subfield><subfield code="b">1566-0621</subfield><subfield code="c">13</subfield><subfield code="d">3</subfield><subfield code="e">613</subfield></datafield><datafield tag="914" ind1=" " ind2=" "><subfield code="f">Conservation genetics</subfield></datafield><datafield tag="917" ind1=" " ind2=" "><subfield code="a">issued</subfield></datafield><datafield tag="918" ind1="2" ind2=" "><subfield code="a">Springer</subfield><subfield code="e">provider</subfield><subfield code="5">DNAL</subfield></datafield><datafield tag="935" ind1=" " ind2=" "><subfield code="a">IND44760208</subfield><subfield code="9">ExL</subfield></datafield><datafield tag="949" ind1=" " ind2=" "><subfield code="a">2014-01-27</subfield></datafield><datafield tag="951" ind1=" " ind2=" "><subfield code="a">2012-10-03</subfield></datafield><datafield tag="953" ind1=" " ind2=" "><subfield code="a">ftp_PUB_12-10-02_18-46-39.zip</subfield></datafield><datafield tag="962" ind1=" " ind2=" "><subfield code="a">Journal title changed from 'Conserv Genet'</subfield></datafield><datafield tag="962" ind1=" " ind2=" "><subfield code="a">Batch:416 annotated on 2014-01-10T15:25:24Z</subfield></datafield><datafield tag="962" ind1=" " ind2=" "><subfield code="a">Batch:416 reviewed on 2014-01-23T16:00:02Z</subfield></datafield><datafield tag="962" ind1=" " ind2=" "><subfield code="a">Batch:416 reviewed on 2014-01-27T04:00:03Z</subfield></datafield><datafield tag="974" ind1=" " ind2=" "><subfield code="a">agid:396419</subfield></datafield></record>