<record><leader>03069nab a2200589 u 4500</leader><controlfield tag="001">9915718610407426</controlfield><controlfield tag="005">20221119250.0</controlfield><controlfield tag="008">961120e199609 enk|||||o|||||||||||eng||</controlfield><datafield tag="" ind1="7" ind2=" "><subfield code="a">IND20541327</subfield><subfield code="2">DNAL</subfield></datafield><datafield tag="035" ind1=" " ind2=" "><subfield code="a">agid:2821299-01nal_inst</subfield></datafield><datafield tag="040" ind1=" " ind2=" "><subfield code="a">AGL</subfield><subfield code="b">eng</subfield><subfield code="c">AGL</subfield></datafield><datafield tag="100" ind1="1" ind2=" "><subfield code="a">Burczyk, J.</subfield></datafield><datafield tag="245" ind1="1" ind2="0"><subfield code="a">Mating patterns and pollen dispersal in a natural knobcone pine (Pinus attenuata Lemmon.) stand</subfield></datafield><datafield tag="300" ind1=" " ind2=" "><subfield code="a">p. 251-260.</subfield></datafield><datafield tag="520" ind1=" " ind2=" "><subfield code="a">Mating system and effective pollen dispersal were studied in a natural stand of knobcone pine (Pinus attenuata Lemmon.) using 11 isozyme loci. Analyses were performed by fitting neighbourhood and mixed-mating models to multilocus genotypic arrays of offspring from four mother trees. Neighbourhoods consisted of all potential outcross males within 11 m of each mother tree (44, on average). Average outcrossing rates of the mother trees were estimated to be 0.97 and 0.96 for the respective models, whereas the population-wide outcrossing rate based on the mixed-mating model and a broader sample of mother trees was 0.92. The estimated proportion of offspring sired by males outside the neighbourhood of each mother tree was 0.56. Thus about 41 per cent of matings resulted from outcrossing with nearby males (within neighbourhoods). Distance and direction of individual males from mother trees and the size (tree height) of males played significant roles in determining outcross mating patterns within neighbourhoods. Male mating success increased with both proximity and tree size, although males east of mother trees accounted for more offspring than males in other directions. Despite the role of proximity, directionality and tree size in determining mating success within neighbourhoods, the effective number of males mating with each female seems to be large.</subfield></datafield><datafield tag="650" ind1=" " ind2="3"><subfield code="a">height</subfield></datafield><datafield tag="650" ind1=" " ind2="3"><subfield code="a">plant characteristics</subfield></datafield><datafield tag="650" ind1=" " ind2="3"><subfield code="a">Pinus attenuata</subfield></datafield><datafield tag="650" ind1=" " ind2="3"><subfield code="a">gene flow</subfield></datafield><datafield tag="650" ind1=" " ind2="3"><subfield code="a">loci</subfield></datafield><datafield tag="650" ind1=" " ind2="3"><subfield code="a">isozymes</subfield></datafield><datafield tag="650" ind1=" " ind2="3"><subfield code="a">outcrossing</subfield></datafield><datafield tag="650" ind1=" " ind2="3"><subfield code="a">cross pollination</subfield></datafield><datafield tag="650" ind1=" " ind2="3"><subfield code="a">pollen</subfield></datafield><datafield tag="650" ind1=" " ind2="3"><subfield code="a">spatial distribution</subfield></datafield><datafield tag="650" ind1=" " ind2="3"><subfield code="a">self-pollination</subfield></datafield><datafield tag="650" ind1=" " ind2="3"><subfield code="a">mathematical models</subfield></datafield><datafield tag="651" ind1=" " ind2="3"><subfield code="a">California</subfield></datafield><datafield tag="653" ind1=" " ind2="0"><subfield code="a">genetic models</subfield></datafield><datafield tag="653" ind1=" " ind2="0"><subfield code="a">dispersal</subfield></datafield><datafield tag="653" ind1=" " ind2="0"><subfield code="a">average outcrossing rate</subfield></datafield><datafield tag="653" ind1=" " ind2="0"><subfield code="a">population wide outcrossing rate</subfield></datafield><datafield tag="653" ind1=" " ind2="0"><subfield code="a">neighborhood model</subfield></datafield><datafield tag="700" ind1="1" ind2=" "><subfield code="a">Adams, W.T.</subfield></datafield><datafield tag="700" ind1="1" ind2=" "><subfield code="a">Shimizu, J.Y.</subfield></datafield><datafield tag="773" ind1="0" ind2=" "><subfield code="t">Heredity.</subfield><subfield code="g">1996 Sept., v. 77, no. pt.3 p.251-260</subfield><subfield code="x">0018-067X</subfield><subfield code="7">nnas</subfield></datafield><datafield tag="787" ind1="1" ind2=" "><subfield code="o">islandora_article_repository</subfield></datafield><datafield tag="787" ind1="1" ind2=" "><subfield code="o">(Journal)1939</subfield></datafield><datafield tag="852" ind1=" " ind2=" "><subfield code="a">DNAL</subfield></datafield><datafield tag="912" ind1=" " ind2=" "><subfield code="a">Article</subfield></datafield><datafield tag="914" ind1=" " ind2=" "><subfield code="a">Journal:1939</subfield></datafield><datafield tag="914" ind1=" " ind2=" "><subfield code="f">Heredity</subfield></datafield><datafield tag="917" ind1=" " ind2=" "><subfield code="a">issued</subfield></datafield><datafield tag="930" ind1=" " ind2=" "><subfield code="a">19970106</subfield><subfield code="b">19970110</subfield><subfield code="c">00000000</subfield></datafield><datafield tag="935" ind1=" " ind2=" "><subfield code="a">IND20541327</subfield><subfield code="9">ExL</subfield></datafield><datafield tag="945" ind1=" " ind2=" "><subfield code="a">IND</subfield><subfield code="d">RHF</subfield></datafield><datafield tag="946" ind1=" " ind2=" "><subfield code="a">Non-US</subfield></datafield><datafield tag="952" ind1=" " ind2=" "><subfield code="a">19970106 19970110 00000000</subfield><subfield code="b">IND RHF </subfield></datafield><datafield tag="974" ind1=" " ind2=" "><subfield code="a">agid:2821299</subfield></datafield><datafield tag="984" ind1=" " ind2=" "><subfield code="a">2014-12-25</subfield></datafield><datafield tag="985" ind1=" " ind2=" "><subfield code="a">Converted from MARCXML to MODS version 3.4 using MARC21slim2MODS3-4.xsl (Revision 1.95 2014/04/23)</subfield></datafield><datafield tag="986" ind1=" " ind2=" "><subfield code="a">3187770</subfield></datafield></record>