<record><leader>06144nab a2200817 u 4500</leader><controlfield tag="001">9915718885607426</controlfield><controlfield tag="005">20221119203312.0</controlfield><controlfield tag="008">210926e202110 xx |||||o|||||||||||eng||</controlfield><datafield tag="" ind1="7" ind2=" "><subfield code="a">IND607480895</subfield><subfield code="2">DNAL</subfield></datafield><datafield tag="024" ind1="7" ind2=" "><subfield code="a">10.1/j.ppees.2021.125632</subfield><subfield code="2">doi</subfield></datafield><datafield tag="035" ind1=" " ind2=" "><subfield code="a">agid:7480895-01nal_inst</subfield></datafield><datafield tag="040" ind1=" " ind2=" "><subfield code="a">AGL</subfield><subfield code="b">eng</subfield><subfield code="c">AGL</subfield></datafield><datafield tag="100" ind1="1" ind2=" "><subfield code="a">Álvarez, Francisco S.</subfield><subfield code="e">author</subfield><subfield code="u">CATIE-Centro Agronómico Tropical de Investigación y Enseñanza, Turrialba, Costa Rica</subfield><subfield code="1">https://orcid.org/0000-0002-4018-775X</subfield></datafield><datafield tag="245" ind1="1" ind2="0"><subfield code="a">Dispersal limitation, soil, and fire affect functional properties of tropical secondary forests on abandoned cattle ranching landscapes</subfield></datafield><datafield tag="520" ind1=" " ind2=" "><subfield code="a">Forest age is a major predictor of secondary forest functional properties and through the chronosequence approach continues to be a principal focus in local, landscape, and regional-scale studies of secondary succession. Recent work has shown that patterns of temporal change in functional properties differ markedly between wet and seasonally dry lowland forests, suggesting that decreasing light and increasing water availability, respectively, are the main drivers of successional change. Meanwhile, however, the potentially marked effects of anthropogenic factors (especially fire), soils, climate, and dispersal limitation on the variation of forest characteristics over landscapes remain poorly understood. We studied the functional properties of seasonally dry secondary forests 5–35 years after pasture abandonment on the Nicoya Peninsula, Costa Rica. We measured 11 functional traits for 63 dominant tree and palm species in 52 plots of 0.12 ha. We used linear regression and variation partitioning to determine the relative importance of soil, climate, site use, fire history, spatial factors, and forest age in the determination of community weighted mean (CWM) trait values. CWM leaf trait and stem trait spectra of the 52 plots were orthogonal in a PCA ordination. Our seasonal forest hypothesis, that forest functional properties become more acquisitive with age as suggested by other authors, was not supported, perhaps because our chronosequence was relatively short. Our fire tolerance hypothesis was that bark thickness, wood specific gravity and resprouting capacity would increase with time of exposure to fires. This hypothesis was not supported for bark thickness. Rather, our results suggest that wood specific gravity and resprouting capacity are better predictors of fire tolerance. Also, our results suggest that &gt;10 years of exposure to fire generates changes in forest fire tolerance strategies from high CWM bark thickness to high wood specific gravity. Finally, we tested our dispersal limitation hypothesis, that spatial variables, expressed as principal coordinates of neighbor matrices (PCNM) eigenfunctions, predict variation in forest functional properties, using variation partitioning analysis with matrices of climate, soil, anthropogenic and spatial variables. The results (overall model R² = 0.46) indicated that spatial variables, followed by soil (acidity, depth, and extractable Mn), are the best overall predictors of forest functional traits values, supporting this hypothesis. Overall, fire, dispersal limitation and soil characteristics explain the functional properties of these secondary forests, with no effect of age in the 5–35 years range. This indicates a critical need for sampling designs and analytical approaches that take into account all these factors to advance understanding of tropical seasonal forest recovery at the landscape scale.</subfield></datafield><datafield tag="592" ind1=" " ind2=" "><subfield code="a">Publisher supplied data</subfield></datafield><datafield tag="593" ind1=" " ind2=" "><subfield code="a">PubAg article</subfield></datafield><datafield tag="650" ind1=" " ind2="3"><subfield code="a">acidity</subfield></datafield><datafield tag="650" ind1=" " ind2="3"><subfield code="a">bark</subfield></datafield><datafield tag="650" ind1=" " ind2="3"><subfield code="a">cattle</subfield></datafield><datafield tag="650" ind1=" " ind2="3"><subfield code="a">chronosequences</subfield></datafield><datafield tag="650" ind1=" " ind2="3"><subfield code="a">climate</subfield></datafield><datafield tag="650" ind1=" " ind2="3"><subfield code="a">deciduous forests</subfield></datafield><datafield tag="650" ind1=" " ind2="3"><subfield code="a">evolution</subfield></datafield><datafield tag="650" ind1=" " ind2="3"><subfield code="a">fire history</subfield></datafield><datafield tag="650" ind1=" " ind2="3"><subfield code="a">fire resistance</subfield></datafield><datafield tag="650" ind1=" " ind2="3"><subfield code="a">forest fires</subfield></datafield><datafield tag="650" ind1=" " ind2="3"><subfield code="a">landscapes</subfield></datafield><datafield tag="650" ind1=" " ind2="3"><subfield code="a">leaves</subfield></datafield><datafield tag="650" ind1=" " ind2="3"><subfield code="a">models</subfield></datafield><datafield tag="650" ind1=" " ind2="3"><subfield code="a">pastures</subfield></datafield><datafield tag="650" ind1=" " ind2="3"><subfield code="a">plant ecology</subfield></datafield><datafield tag="650" ind1=" " ind2="3"><subfield code="a">regression analysis</subfield></datafield><datafield tag="650" ind1=" " ind2="3"><subfield code="a">secondary forests</subfield></datafield><datafield tag="650" ind1=" " ind2="3"><subfield code="a">secondary succession</subfield></datafield><datafield tag="650" ind1=" " ind2="3"><subfield code="a">specific gravity</subfield></datafield><datafield tag="650" ind1=" " ind2="3"><subfield code="a">temporal variation</subfield></datafield><datafield tag="650" ind1=" " ind2="3"><subfield code="a">trees</subfield></datafield><datafield tag="650" ind1=" " ind2="3"><subfield code="a">wood</subfield></datafield><datafield tag="651" ind1=" " ind2="3"><subfield code="a">Costa Rica</subfield></datafield><datafield tag="653" ind1=" " ind2="0"><subfield code="a">Bark thickness</subfield></datafield><datafield tag="653" ind1=" " ind2="0"><subfield code="a">Community Weighted Mean</subfield></datafield><datafield tag="653" ind1=" " ind2="0"><subfield code="a">Fire</subfield></datafield><datafield tag="653" ind1=" " ind2="0"><subfield code="a">Functional trait</subfield></datafield><datafield tag="653" ind1=" " ind2="0"><subfield code="a">Resprouting</subfield></datafield><datafield tag="653" ind1=" " ind2="0"><subfield code="a">Wood specific gravity</subfield></datafield><datafield tag="700" ind1="1" ind2=" "><subfield code="a">Finegan, Bryan</subfield><subfield code="e">author</subfield><subfield code="u">CATIE-Centro Agronómico Tropical de Investigación y Enseñanza, Turrialba, Costa Rica</subfield></datafield><datafield tag="700" ind1="1" ind2=" "><subfield code="a">Delgado, Diego</subfield><subfield code="e">author</subfield><subfield code="u">CATIE-Centro Agronómico Tropical de Investigación y Enseñanza, Turrialba, Costa Rica</subfield></datafield><datafield tag="700" ind1="1" ind2=" "><subfield code="a">Ramos, Zayra</subfield><subfield code="e">author</subfield><subfield code="u">CATIE-Centro Agronómico Tropical de Investigación y Enseñanza, Turrialba, Costa Rica</subfield></datafield><datafield tag="700" ind1="1" ind2=" "><subfield code="a">Utrera, Luis P.</subfield><subfield code="e">author</subfield><subfield code="u">CATIE-Centro Agronómico Tropical de Investigación y Enseñanza, Turrialba, Costa Rica</subfield><subfield code="1">https://orcid.org/0000-0002-2658-7781</subfield></datafield><datafield tag="700" ind1="1" ind2=" "><subfield code="a">Granda, Vanessa</subfield><subfield code="e">author</subfield><subfield code="u">CATIE-Centro Agronómico Tropical de Investigación y Enseñanza, Turrialba, Costa Rica</subfield></datafield><datafield tag="773" ind1="0" ind2=" "><subfield code="t">Perspectives in plant ecology, evolution and systematics.</subfield><subfield code="g">2021 Oct., v. 52 p.125632-</subfield><subfield code="d">Elsevier GmbH</subfield><subfield code="w">Journal:J000000130</subfield><subfield code="x">1433-8319</subfield><subfield code="7">nnas</subfield></datafield><datafield tag="787" ind1="1" ind2=" "><subfield code="o">islandora_article_repository</subfield></datafield><datafield tag="787" ind1="1" ind2=" "><subfield code="o">product_pubag</subfield></datafield><datafield tag="787" ind1="1" ind2=" "><subfield code="o">(Journal)J000000130</subfield></datafield><datafield tag="856" ind1="4" ind2="0"><subfield code="u">https://dx.doi.org/10.1/j.ppees.2021.125632</subfield><subfield code="3">Available from publisher's site</subfield></datafield><datafield tag="912" ind1=" " ind2=" "><subfield code="a">Article</subfield></datafield><datafield tag="914" ind1=" " ind2=" "><subfield code="a">Journal:J000000130</subfield><subfield code="b">1433-8319</subfield><subfield code="e">125632</subfield></datafield><datafield tag="914" ind1=" " ind2=" "><subfield code="f">Perspectives in plant ecology, evolution and systematics</subfield></datafield><datafield tag="916" ind1=" " ind2=" "><subfield code="a">Batch:10183</subfield></datafield><datafield tag="917" ind1=" " ind2=" "><subfield code="a">issued</subfield></datafield><datafield tag="918" ind1="2" ind2=" "><subfield code="a">Elsevier Consyn</subfield><subfield code="e">provider</subfield><subfield code="5">DNAL</subfield></datafield><datafield tag="935" ind1=" " ind2=" "><subfield code="a">IND607480895</subfield><subfield code="9">ExL</subfield></datafield><datafield tag="949" ind1=" " ind2=" "><subfield code="a">2022-02-11</subfield></datafield><datafield tag="952" ind1=" " ind2=" "><subfield code="d">NAL-AP-2-clean</subfield></datafield><datafield tag="953" ind1=" " ind2=" "><subfield code="a">/data/metadata/incoming/consyn/378502205565020627-00004-HEAD-ONLY-NEW CONSYN ISSNS.zip</subfield></datafield><datafield tag="954" ind1=" " ind2=" "><subfield code="a">file:/data/metadata/staging/consyn/S1433831921000445.xml</subfield></datafield><datafield tag="955" ind1=" " ind2=" "><subfield code="a">/data/metadata/staging/consyn/</subfield></datafield><datafield tag="974" ind1=" " ind2=" "><subfield code="a">agid:7480895</subfield></datafield><datafield tag="983" ind1=" " ind2=" "><subfield code="a">2021-09-26</subfield></datafield><datafield tag="984" ind1=" " ind2=" "><subfield code="a">2022-02-11</subfield></datafield></record>