<record><leader>03701nab a2200613 u 4500</leader><controlfield tag="001">9915719078107426</controlfield><controlfield tag="005">20221119203154.0</controlfield><controlfield tag="008">131018e201311 xx |||||o|||||||||||eng||</controlfield><datafield tag="" ind1="7" ind2=" "><subfield code="a">IND500699691</subfield><subfield code="2">DNAL</subfield></datafield><datafield tag="024" ind1="7" ind2=" "><subfield code="a">10.1007/s11258-013-0252-4</subfield><subfield code="2">doi</subfield></datafield><datafield tag="035" ind1=" " ind2=" "><subfield code="a">agid:610793-01nal_inst</subfield></datafield><datafield tag="040" ind1=" " ind2=" "><subfield code="a">AGL</subfield><subfield code="b">eng</subfield><subfield code="c">AGL</subfield></datafield><datafield tag="100" ind1="1" ind2=" "><subfield code="a">Amodeo, Martín Raúl</subfield><subfield code="e">author</subfield><subfield code="u">GEKKO, Grupo de Estudios en Conservación y Manejo, Departamento de Biología, Bioquímica y Farmacia, Universidad Nacional del Sur, San Juan 670, 8000, Bahía Blanca, Argentina, martin.amodeo@uns.edu.ar</subfield></datafield><datafield tag="245" ind1="1" ind2="0"><subfield code="a">Wild cherries invading natural grasslands: unraveling colonization history from population structure and spatial patterns</subfield></datafield><datafield tag="300" ind1=" " ind2=" "><subfield code="a">p. 1299-1307.</subfield></datafield><datafield tag="500" ind1=" " ind2=" "><subfield code="a">2019-12-06</subfield></datafield><datafield tag="520" ind1=" " ind2=" "><subfield code="a">Invasive success of many fleshy-fruited plants has been linked to opportunistic interactions with generalist frugivores. Prunus mahaleb is a small tree, producing large quantities of little, bright black, sugary drupes that are consumed by vertebrates. It is native to the Mediterranean region but has become invasive in several countries. This study was carried out at a nature reserve including remnant mountain grasslands of high conservation value in the southern Argentine Pampas. Our aim is to reconstruct the colonization history of invading populations proposing a generalized model to describe the invasion process: colonization events result in the establishment of a founder tree followed by a lag phase until it reaches massive seed production and enables an increase in local recruitment and plant density. To test this hypothesis, we analyzed population age structures and contrasted them with those predicted using a Leslie matrix growth model. We found that matrix model predictions fit well to actual age structures. Our results reveal the existence of an 8–18-year lag period between the establishment of the founder tree and local effective recruitment. The end of this lag coincides with an abrupt increase in individual fruit production that may have a strong effect on bird attraction and successful seed dispersal. This lag phase represents an opportunity for preventing further spread of P. mahaleb. Early detection and rapid eradication of new invasion focuses should be targeted as a principal aim of an effective control strategy.</subfield></datafield><datafield tag="592" ind1=" " ind2=" "><subfield code="a">Publisher supplied data</subfield></datafield><datafield tag="593" ind1=" " ind2=" "><subfield code="a">PubAg article</subfield></datafield><datafield tag="650" ind1=" " ind2="3"><subfield code="a">birds</subfield></datafield><datafield tag="650" ind1=" " ind2="3"><subfield code="a">seeds</subfield></datafield><datafield tag="650" ind1=" " ind2="3"><subfield code="a">seed dispersal</subfield></datafield><datafield tag="650" ind1=" " ind2="3"><subfield code="a">models</subfield></datafield><datafield tag="650" ind1=" " ind2="3"><subfield code="a">Prunus mahaleb</subfield></datafield><datafield tag="650" ind1=" " ind2="3"><subfield code="a">plant density</subfield></datafield><datafield tag="650" ind1=" " ind2="3"><subfield code="a">trees</subfield></datafield><datafield tag="650" ind1=" " ind2="3"><subfield code="a">population structure</subfield></datafield><datafield tag="650" ind1=" " ind2="3"><subfield code="a">grasslands</subfield></datafield><datafield tag="650" ind1=" " ind2="3"><subfield code="a">conservation areas</subfield></datafield><datafield tag="650" ind1=" " ind2="3"><subfield code="a">cherries</subfield></datafield><datafield tag="651" ind1=" " ind2="3"><subfield code="a">Mediterranean region</subfield></datafield><datafield tag="653" ind1=" " ind2="0"><subfield code="a">recruitment</subfield></datafield><datafield tag="700" ind1="1" ind2=" "><subfield code="a">Zalba, Sergio Martín</subfield><subfield code="e">author</subfield></datafield><datafield tag="773" ind1="0" ind2=" "><subfield code="t">Plant ecology.</subfield><subfield code="g">2013 Nov., v. 214, no. 11 p.1299-1307</subfield><subfield code="d">Springer-Verlag</subfield><subfield code="x">1385-0237</subfield><subfield code="7">nnas</subfield></datafield><datafield tag="787" ind1="1" ind2=" "><subfield code="o">islandora_article_repository</subfield></datafield><datafield tag="787" ind1="1" ind2=" "><subfield code="o">product_pubag</subfield></datafield><datafield tag="787" ind1="1" ind2=" "><subfield code="o">(Journal)jnl55230</subfield></datafield><datafield tag="856" ind1="4" ind2="0"><subfield code="u">http://dx.doi.org/10.1007/s11258-013-0252-4</subfield></datafield><datafield tag="912" ind1=" " ind2=" "><subfield code="a">Article</subfield></datafield><datafield tag="914" ind1=" " ind2=" "><subfield code="a">Journal:jnl55230</subfield><subfield code="b">1385-0237</subfield><subfield code="c">214</subfield><subfield code="d">11</subfield><subfield code="e">1299</subfield></datafield><datafield tag="914" ind1=" " ind2=" "><subfield code="f">Plant ecology</subfield></datafield><datafield tag="917" ind1=" " ind2=" "><subfield code="a">issued</subfield></datafield><datafield tag="918" ind1="2" ind2=" "><subfield code="a">Springer</subfield><subfield code="e">provider</subfield><subfield code="5">DNAL</subfield></datafield><datafield tag="935" ind1=" " ind2=" "><subfield code="a">IND500699691</subfield><subfield code="9">ExL</subfield></datafield><datafield tag="949" ind1=" " ind2=" "><subfield code="a">2013-12-16</subfield></datafield><datafield tag="951" ind1=" " ind2=" "><subfield code="a">2013-10-18</subfield></datafield><datafield tag="953" ind1=" " ind2=" "><subfield code="a">ftp_PUB_13-10-18_05-44-51.zip</subfield></datafield><datafield tag="962" ind1=" " ind2=" "><subfield code="a">Journal title changed from 'Plant Ecol'</subfield></datafield><datafield tag="962" ind1=" " ind2=" "><subfield code="a">Batch:385 annotated on 2013-11-18T12:40:54Z</subfield></datafield><datafield tag="962" ind1=" " ind2=" "><subfield code="a">Batch:385 reviewed on 2013-12-16T04:00:03Z</subfield></datafield><datafield tag="962" ind1=" " ind2=" "><subfield code="a">Batch:385 reviewed on 2013-12-16T11:00:03Z</subfield></datafield><datafield tag="974" ind1=" " ind2=" "><subfield code="a">agid:610793</subfield></datafield><datafield tag="983" ind1=" " ind2=" "><subfield code="a">2013-10-18</subfield></datafield><datafield tag="984" ind1=" " ind2=" "><subfield code="a">2013-10-18</subfield></datafield></record>