<record><leader>06316nab a2200853 u 4500</leader><controlfield tag="001">9915719514607426</controlfield><controlfield tag="005">20221119204801.0</controlfield><controlfield tag="008">190410e201907 xx |||||o|||||||||||eng||</controlfield><datafield tag="" ind1="7" ind2=" "><subfield code="a">IND606352481</subfield><subfield code="2">DNAL</subfield></datafield><datafield tag="024" ind1="7" ind2=" "><subfield code="a">10.1/j.ecolind.2019.03.046</subfield><subfield code="2">doi</subfield></datafield><datafield tag="035" ind1=" " ind2=" "><subfield code="a">agid:6352481-01nal_inst</subfield></datafield><datafield tag="040" ind1=" " ind2=" "><subfield code="a">AGL</subfield><subfield code="b">eng</subfield><subfield code="c">AGL</subfield></datafield><datafield tag="100" ind1="1" ind2=" "><subfield code="a">Altamirano, Adison</subfield><subfield code="e">author</subfield><subfield code="u">Landscape Ecology and Conservation Laboratory, Departamento de Ciencias Forestales, Universidad de La Frontera, Temuco, Chile</subfield></datafield><datafield tag="245" ind1="1" ind2="0"><subfield code="a">Spatial congruence among indicators of recovery completeness in a Mediterranean forest landscape: Implications for planning large-scale restoration</subfield></datafield><datafield tag="300" ind1=" " ind2=" "><subfield code="a">p. 752-759.</subfield></datafield><datafield tag="500" ind1=" " ind2=" "><subfield code="a">2019-12-06</subfield></datafield><datafield tag="520" ind1=" " ind2=" "><subfield code="a">Natural regeneration has been proposed as a cost-effective forest restoration approach for both small and large-scale initiatives. However, attributes for assessing the success of forest restoration through natural regeneration may vary among them in spatial patterns depending on the scale of analysis and on environmental gradients. Here we analysed the spatial patterns of recovery completeness (i.e. how similar attributes in restored forests are to the same attributes in reference forests) in response to environmental factors in a Mediterranean forest landscape of Central Chile. We evaluated (1) forest recovery completeness using basal area (BA), quadratic mean diameter (QMD), adult species density (ASD), adult species richness (ASR), and seedling species richness (SSR); (2) the spatial congruence of recovery completeness estimated by each of these indicators; and (3) the environmental factors potentially shaping these spatial patterns. We used field measurements and geospatial information sources to quantify and predict indicator responses by fitting boosted regression tree models. To assess the spatial congruence of predictions we overlaid high-level recovery completeness values for all indicators. Overall recovery completeness in the study area was 72.7%, suggesting positive prospects for attaining fully restored forests. Recovery completeness had a resulted higher for diversity (92.3%−99.6%) than structural forest attributes (33.5%−76.9%); however, spatial congruence among recovery indicators was low due to the uneven spatial responses of each indicator. The maximum potential spatial congruence was &lt;10%, and was predicted only by two environmental variables (soil bulk density and slope). Our results suggest that low spatial congruence among forest recovery indicators may hinder the monitoring of restoration at large scales. The implications of such divergence in defining restoration success can be enormous given the current global challenge of forest restoration. Although our research was tested in a threatened region of global importance, our results may have wider significance for restoration planning providing cautionary notes and recommendations for the appropriate use of forest recovery indicators when monitoring large-scale restoration projects.</subfield></datafield><datafield tag="592" ind1=" " ind2=" "><subfield code="a">Publisher supplied data</subfield></datafield><datafield tag="593" ind1=" " ind2=" "><subfield code="a">PubAg article</subfield></datafield><datafield tag="650" ind1=" " ind2="3"><subfield code="a">planning</subfield></datafield><datafield tag="650" ind1=" " ind2="3"><subfield code="a">prediction</subfield></datafield><datafield tag="650" ind1=" " ind2="3"><subfield code="a">monitoring</subfield></datafield><datafield tag="650" ind1=" " ind2="3"><subfield code="a">landscapes</subfield></datafield><datafield tag="650" ind1=" " ind2="3"><subfield code="a">seedlings</subfield></datafield><datafield tag="650" ind1=" " ind2="3"><subfield code="a">information sources</subfield></datafield><datafield tag="650" ind1=" " ind2="3"><subfield code="a">models</subfield></datafield><datafield tag="650" ind1=" " ind2="3"><subfield code="a">species richness</subfield></datafield><datafield tag="650" ind1=" " ind2="3"><subfield code="a">regression analysis</subfield></datafield><datafield tag="650" ind1=" " ind2="3"><subfield code="a">environmental factors</subfield></datafield><datafield tag="650" ind1=" " ind2="3"><subfield code="a">forest restoration</subfield></datafield><datafield tag="650" ind1=" " ind2="3"><subfield code="a">natural regeneration</subfield></datafield><datafield tag="650" ind1=" " ind2="3"><subfield code="a">cost effectiveness</subfield></datafield><datafield tag="650" ind1=" " ind2="3"><subfield code="a">stand basal area</subfield></datafield><datafield tag="650" ind1=" " ind2="3"><subfield code="a">environmental indicators</subfield></datafield><datafield tag="650" ind1=" " ind2="3"><subfield code="a">soil density</subfield></datafield><datafield tag="650" ind1=" " ind2="3"><subfield code="a">adults</subfield></datafield><datafield tag="650" ind1=" " ind2="3"><subfield code="a">forests</subfield></datafield><datafield tag="651" ind1=" " ind2="3"><subfield code="a">Chile</subfield></datafield><datafield tag="653" ind1=" " ind2="0"><subfield code="a">Vegetation recovery</subfield></datafield><datafield tag="653" ind1=" " ind2="0"><subfield code="a">Boosted regression tree</subfield></datafield><datafield tag="653" ind1=" " ind2="0"><subfield code="a">Natural regeneration</subfield></datafield><datafield tag="653" ind1=" " ind2="0"><subfield code="a">Landscape forest restoration</subfield></datafield><datafield tag="653" ind1=" " ind2="0"><subfield code="a">Restoration indicator</subfield></datafield><datafield tag="653" ind1=" " ind2="0"><subfield code="a">basal area</subfield></datafield><datafield tag="700" ind1="1" ind2=" "><subfield code="a">Miranda, Alejandro</subfield><subfield code="e">author</subfield><subfield code="u">Landscape Ecology and Conservation Laboratory, Departamento de Ciencias Forestales, Universidad de La Frontera, Temuco, Chile</subfield></datafield><datafield tag="700" ind1="1" ind2=" "><subfield code="a">Meli, Paula</subfield><subfield code="e">author</subfield><subfield code="u">Department of Forest Sciences, “Luiz de Queiroz” College of Agriculture, University of São Paulo, Piracicaba, Brazil</subfield><subfield code="1">https://orcid.org/0000-0002-2099-8512</subfield></datafield><datafield tag="700" ind1="1" ind2=" "><subfield code="a">Dehennin, Joris</subfield><subfield code="e">author</subfield><subfield code="u">Division Forest, Nature &amp; Landscape KU Leuven, Leuven, Belgium</subfield></datafield><datafield tag="700" ind1="1" ind2=" "><subfield code="a">Muys, Bart</subfield><subfield code="e">author</subfield><subfield code="u">Division Forest, Nature &amp; Landscape KU Leuven, Leuven, Belgium</subfield></datafield><datafield tag="700" ind1="1" ind2=" "><subfield code="a">Prado, Marco</subfield><subfield code="e">author</subfield><subfield code="u">Landscape Ecology and Conservation Laboratory, Departamento de Ciencias Forestales, Universidad de La Frontera, Temuco, Chile</subfield></datafield><datafield tag="700" ind1="1" ind2=" "><subfield code="a">Catalán, Germán</subfield><subfield code="e">author</subfield><subfield code="u">Landscape Ecology and Conservation Laboratory, Departamento de Ciencias Forestales, Universidad de La Frontera, Temuco, Chile</subfield></datafield><datafield tag="700" ind1="1" ind2=" "><subfield code="a">Smith-Ramírez, Cecilia</subfield><subfield code="e">author</subfield><subfield code="u">Departamento de Ciencias Biológicas y Biodiversidad, Universidad de Los Lagos, Osorno, Chile</subfield></datafield><datafield tag="700" ind1="1" ind2=" "><subfield code="a">Bustamante-Sánchez, Marcela</subfield><subfield code="e">author</subfield><subfield code="u">Instituto de Ecología y Biodiversidad (IEB), Santiago, Chile</subfield></datafield><datafield tag="700" ind1="1" ind2=" "><subfield code="a">Lisón, Fulgencio</subfield><subfield code="e">author</subfield><subfield code="u">Landscape Ecology and Conservation Laboratory, Departamento de Ciencias Forestales, Universidad de La Frontera, Temuco, Chile</subfield></datafield><datafield tag="700" ind1="1" ind2=" "><subfield code="a">María Rey-Benayas, José</subfield><subfield code="e">author</subfield><subfield code="u">Forest Ecology and Conservation Group, Life Sciences Department, Universidad de Alcalá, Alcalá de Henares, Spain</subfield></datafield><datafield tag="773" ind1="0" ind2=" "><subfield code="t">Ecological indicators.</subfield><subfield code="g">2019 July, v. 102 p.752-759</subfield><subfield code="d">Elsevier Ltd</subfield><subfield code="w">Journal:6196</subfield><subfield code="x">1470-160X</subfield><subfield code="7">nnas</subfield></datafield><datafield tag="787" ind1="1" ind2=" "><subfield code="o">islandora_article_repository</subfield></datafield><datafield tag="787" ind1="1" ind2=" "><subfield code="o">product_pubag</subfield></datafield><datafield tag="787" ind1="1" ind2=" "><subfield code="o">(Journal)6196</subfield></datafield><datafield tag="856" ind1="4" ind2="0"><subfield code="u">https://dx.doi.org/10.1/j.ecolind.2019.03.046</subfield><subfield code="3">Available from publisher's site</subfield></datafield><datafield tag="912" ind1=" " ind2=" "><subfield code="a">Article</subfield></datafield><datafield tag="914" ind1=" " ind2=" "><subfield code="a">Journal:6196</subfield><subfield code="b">1470-160X</subfield></datafield><datafield tag="914" ind1=" " ind2=" "><subfield code="f">Ecological indicators</subfield></datafield><datafield tag="916" ind1=" " ind2=" "><subfield code="a">Batch:2190</subfield></datafield><datafield tag="917" ind1=" " ind2=" "><subfield code="a">issued</subfield></datafield><datafield tag="918" ind1="2" ind2=" "><subfield code="a">Elsevier Consyn</subfield><subfield code="e">provider</subfield><subfield code="5">DNAL</subfield></datafield><datafield tag="935" ind1=" " ind2=" "><subfield code="a">IND606352481</subfield><subfield code="9">ExL</subfield></datafield><datafield tag="949" ind1=" " ind2=" "><subfield code="a">2019-05-01</subfield></datafield><datafield tag="953" ind1=" " ind2=" "><subfield code="a">/data/metadata/incoming/consyn/3582-00003-HEAD-ONLY-NEW CONSYN ISSNS.zip</subfield></datafield><datafield tag="954" ind1=" " ind2=" "><subfield code="a">file:/data/metadata/staging/consyn/S1470X19302274.xml</subfield></datafield><datafield tag="955" ind1=" " ind2=" "><subfield code="a">/data/metadata/staging/consyn/</subfield></datafield><datafield tag="962" ind1=" " ind2=" "><subfield code="a">Batch:2190 reviewed on 2019-05-01T14:00:03Z</subfield></datafield><datafield tag="974" ind1=" " ind2=" "><subfield code="a">agid:6352481</subfield></datafield><datafield tag="983" ind1=" " ind2=" "><subfield code="a">2019-04-10</subfield></datafield><datafield tag="984" ind1=" " ind2=" "><subfield code="a">2019-05-01</subfield></datafield></record>