<record><leader>04365nab a2200649 u 4500</leader><controlfield tag="001">9915719633507426</controlfield><controlfield tag="005">20140724000000.0</controlfield><controlfield tag="008">081205e200901 xx |||||o|||||||||||eng||</controlfield><datafield tag="" ind1="7" ind2=" "><subfield code="a">IND44133756</subfield><subfield code="2">DNAL</subfield></datafield><datafield tag="024" ind1="7" ind2=" "><subfield code="a">10.1/j.cropro.2008.08.009</subfield><subfield code="2">doi</subfield></datafield><datafield tag="035" ind1=" " ind2=" "><subfield code="a">agid:742778-01nal_inst</subfield></datafield><datafield tag="040" ind1=" " ind2=" "><subfield code="a">AGL</subfield><subfield code="b">eng</subfield><subfield code="c">AGL</subfield></datafield><datafield tag="072" ind1=" " ind2="0"><subfield code="a">F831</subfield></datafield><datafield tag="100" ind1="1" ind2=" "><subfield code="a">Rodríguez, Estefanía</subfield></datafield><datafield tag="245" ind1="1" ind2="0"><subfield code="a">Large-scale epidemiological study and spatial patterns of Verticillium wilt in olive orchards in southern Spain</subfield></datafield><datafield tag="300" ind1=" " ind2=" "><subfield code="a">p. 46-52.</subfield></datafield><datafield tag="500" ind1=" " ind2=" "><subfield code="a">Includes references</subfield></datafield><datafield tag="500" ind1=" " ind2=" "><subfield code="a">2019-12-06</subfield></datafield><datafield tag="520" ind1=" " ind2=" "><subfield code="a">Verticillium wilt (VW) is caused by the soilborne pathogen, Verticillium dahliae. The fact that available control measures are not completely effective, together with an increasing spread of the highly virulent defoliating pathotype (D) in the last two decades, makes VW one of the most threatening olive tree disease. For better management, epidemiology and spatial patterns of VW were investigated in an important olive-growing area in southern Spain. A sampling survey was conducted from 2002 to 2005 in 873 olive orchards, which were assessed for the presence of V. dahliae. PCR assays were used to identify the highly virulent defoliating (D) and nondefoliating (ND) pathotypes of V. dahliae. Ordinary kriging, a geostatistical tool that uses regression techniques for interpolation of spatial data, was applied to obtain predictive V. dahliae incidence maps and to evaluate the correlation between distance from the river and VW. Prevalence in olive orchards was 14.1%, with a disease incidence of 1.9% and mean incidence per olive orchard of 9.5%. Prevalence of the ND pathotype was higher (10.7%) than for the D pathotype (3.4%). VW was three times more prevalent in irrigated than in non-irrigated orchards (relative risk=3.01) and there was a close association between the ND pathotype and irrigated orchards (relative risk=2.03). Spatial pattern analysis showed several factors involved in the spread of the pathogen. VW was more prevalent in the north-west, suggesting the spreading of the disease from other bordering areas known to be contaminated, in southwest Spain. The D pathotype had a very restricted and aggregated distribution, suggesting the introduction of this pathotype in new olive orchards areas. The incidence map generated by kriging displayed an increase in north, northeast and south areas with numerous subareas with probabilities equalling or exceeding 53%, showing the effect of intensive agriculture (high plant density and irrigation) on incidence of the disease. Assessment of rivers-pathogen relationship revealed an association of VW with the distance to the nearest river, indicating that soils through the rivers' axis and previously cropped with horticultural crops susceptible to V. dahliae, have implications for the establishment of new olive orchards and the occurrence of the disease.</subfield></datafield><datafield tag="593" ind1=" " ind2=" "><subfield code="a">PubAg article</subfield></datafield><datafield tag="650" ind1=" " ind2="3"><subfield code="a">epidemiological studies</subfield></datafield><datafield tag="650" ind1=" " ind2="3"><subfield code="a">orchards</subfield></datafield><datafield tag="650" ind1=" " ind2="3"><subfield code="a">irrigation</subfield></datafield><datafield tag="650" ind1=" " ind2="3"><subfield code="a">spatial distribution</subfield></datafield><datafield tag="650" ind1=" " ind2="3"><subfield code="a">geographic information systems</subfield></datafield><datafield tag="650" ind1=" " ind2="3"><subfield code="a">olives</subfield></datafield><datafield tag="650" ind1=" " ind2="3"><subfield code="a">spatial data</subfield></datafield><datafield tag="650" ind1=" " ind2="3"><subfield code="a">plant pathogenic fungi</subfield></datafield><datafield tag="650" ind1=" " ind2="3"><subfield code="a">Verticillium wilt</subfield></datafield><datafield tag="650" ind1=" " ind2="3"><subfield code="a">Olea europaea</subfield></datafield><datafield tag="650" ind1=" " ind2="3"><subfield code="a">pathotypes</subfield></datafield><datafield tag="650" ind1=" " ind2="3"><subfield code="a">Verticillium dahliae</subfield></datafield><datafield tag="650" ind1=" " ind2="3"><subfield code="a">disease incidence</subfield></datafield><datafield tag="651" ind1=" " ind2="3"><subfield code="a">Spain</subfield></datafield><datafield tag="653" ind1=" " ind2="0"><subfield code="a">epidemiology</subfield></datafield><datafield tag="700" ind1="1" ind2=" "><subfield code="a">García-Garrido, Jose M.</subfield></datafield><datafield tag="700" ind1="1" ind2=" "><subfield code="a">García, Pedro A.</subfield></datafield><datafield tag="700" ind1="1" ind2=" "><subfield code="a">Campos, Mercedes</subfield></datafield><datafield tag="773" ind1="0" ind2=" "><subfield code="t">Crop protection.</subfield><subfield code="g">2009 Jan., v. 28, no. 1 p.46-52</subfield><subfield code="d">Elsevier Science</subfield><subfield code="x">0261-2194</subfield><subfield code="7">nnas</subfield></datafield><datafield tag="787" ind1="1" ind2=" "><subfield code="o">islandora_article_repository</subfield></datafield><datafield tag="787" ind1="1" ind2=" "><subfield code="o">product_pubag</subfield></datafield><datafield tag="787" ind1="1" ind2=" "><subfield code="o">(Journal)jnl34114</subfield></datafield><datafield tag="852" ind1=" " ind2=" "><subfield code="a">DNAL</subfield></datafield><datafield tag="856" ind1="4" ind2="0"><subfield code="u">http://dx.doi.org/10.1/j.cropro.2008.08.009</subfield><subfield code="3">Available from publisher's Web site</subfield></datafield><datafield tag="912" ind1=" " ind2=" "><subfield code="a">Article</subfield></datafield><datafield tag="914" ind1=" " ind2=" "><subfield code="a">Journal:jnl34114</subfield><subfield code="b">0261-2194</subfield><subfield code="c">28</subfield><subfield code="d">1</subfield><subfield code="e">46</subfield></datafield><datafield tag="914" ind1=" " ind2=" "><subfield code="f">Crop protection</subfield></datafield><datafield tag="917" ind1=" " ind2=" "><subfield code="a">issued</subfield></datafield><datafield tag="930" ind1=" " ind2=" "><subfield code="a">20081217</subfield><subfield code="b">20090206</subfield><subfield code="c">00000000</subfield></datafield><datafield tag="935" ind1=" " ind2=" "><subfield code="a">IND44133756</subfield><subfield code="9">ExL</subfield></datafield><datafield tag="945" ind1=" " ind2=" "><subfield code="a">IND</subfield><subfield code="d">GAY</subfield><subfield code="e">2008/12/17</subfield></datafield><datafield tag="946" ind1=" " ind2=" "><subfield code="a">Non-US</subfield></datafield><datafield tag="949" ind1=" " ind2=" "><subfield code="a">2014-07-17</subfield></datafield><datafield tag="952" ind1=" " ind2=" "><subfield code="a">20081217 20090206 00000000</subfield><subfield code="b">IND GAY 2008/12/17</subfield></datafield><datafield tag="974" ind1=" " ind2=" "><subfield code="a">agid:742778</subfield></datafield><datafield tag="984" ind1=" " ind2=" "><subfield code="a">2014-07-24</subfield></datafield><datafield tag="985" ind1=" " ind2=" "><subfield code="a">Converted from MARCXML to MODS version 3.4 using MARC21slim2MODS3-4.xsl (Revision 1.95 2014/04/23)</subfield></datafield><datafield tag="986" ind1=" " ind2=" "><subfield code="a">4133756</subfield></datafield></record>