<record><leader>03155nab a2200577 u 4500</leader><controlfield tag="001">9915719801107426</controlfield><controlfield tag="005">20221119210330.0</controlfield><controlfield tag="008">090731e200908 xx |||||o|||||||||||eng||</controlfield><datafield tag="" ind1="7" ind2=" "><subfield code="a">IND44240390</subfield><subfield code="2">DNAL</subfield></datafield><datafield tag="024" ind1="7" ind2=" "><subfield code="a">10.1007/s10021-009-9256-2</subfield><subfield code="2">doi</subfield></datafield><datafield tag="035" ind1=" " ind2=" "><subfield code="a">agid:467687-01nal_inst</subfield></datafield><datafield tag="040" ind1=" " ind2=" "><subfield code="a">AGL</subfield><subfield code="b">eng</subfield><subfield code="c">AGL</subfield></datafield><datafield tag="100" ind1="1" ind2=" "><subfield code="a">Harmon, Mark E.</subfield></datafield><datafield tag="245" ind1="1" ind2="0"><subfield code="a">Effects of Partial Harvest on the Carbon Stores in Douglas-fir/Western Hemlock Forests: A Simulation Study</subfield></datafield><datafield tag="300" ind1=" " ind2=" "><subfield code="a">p. 777-791.</subfield></datafield><datafield tag="500" ind1=" " ind2=" "><subfield code="a">Includes references</subfield></datafield><datafield tag="520" ind1=" " ind2=" "><subfield code="a">The STANDCARB 2.0 model was used to examine the effects of partial harvest of trees within stands on forest-related carbon (C) stores in a typical Pacific Northwest Pseudotsuga/Tsuga forest. For harvest rotation intervals of 20 to 250 years the effect of completely dispersed (that is, a checkerboard) versus completely aggregated cutting patterns (that is, single blocks) was compared. The simulations indicated that forests with frequent, but partial removal of live trees can store as much C as those with complete tree harvest on less frequent intervals. Stores in forest products generally declined as the fraction of live trees harvested declined and as the interval between harvests increased. Although the proportion of total system stores in forest products increased as the frequency of harvests and proportion of trees removed increased, this did not offset the reduction in forest C stores these treatments caused. Spatial arrangement of harvest influenced tree species composition profoundly; however, the effects of aggregated versus dispersed cutting patterns on C stores were relatively small compared to the other treatments. This study indicates that there are multiple methods to increase C stores in the forest sector including either increasing the time between harvests or reducing the fraction of trees harvested during each harvest.</subfield></datafield><datafield tag="593" ind1=" " ind2=" "><subfield code="a">PubAg article</subfield></datafield><datafield tag="650" ind1=" " ind2="3"><subfield code="a">Pseudotsuga</subfield></datafield><datafield tag="650" ind1=" " ind2="3"><subfield code="a">Tsuga</subfield></datafield><datafield tag="650" ind1=" " ind2="3"><subfield code="a">carbon</subfield></datafield><datafield tag="650" ind1=" " ind2="3"><subfield code="a">carbon sinks</subfield></datafield><datafield tag="650" ind1=" " ind2="3"><subfield code="a">cutting</subfield></datafield><datafield tag="650" ind1=" " ind2="3"><subfield code="a">forest products</subfield></datafield><datafield tag="650" ind1=" " ind2="3"><subfield code="a">forests</subfield></datafield><datafield tag="650" ind1=" " ind2="3"><subfield code="a">models</subfield></datafield><datafield tag="650" ind1=" " ind2="3"><subfield code="a">species diversity</subfield></datafield><datafield tag="650" ind1=" " ind2="3"><subfield code="a">trees</subfield></datafield><datafield tag="651" ind1=" " ind2="3"><subfield code="a">Pacific States</subfield></datafield><datafield tag="700" ind1="1" ind2=" "><subfield code="a">Moreno, Adam</subfield></datafield><datafield tag="700" ind1="1" ind2=" "><subfield code="a">Domingo, James B.</subfield></datafield><datafield tag="773" ind1="0" ind2=" "><subfield code="t">Ecosystems.</subfield><subfield code="g">2009 Aug., v. 12, no. 5 p.777-791</subfield><subfield code="d">Springer-Verlag</subfield><subfield code="x">1432-9840</subfield><subfield code="7">nnas</subfield></datafield><datafield tag="787" ind1="1" ind2=" "><subfield code="o">islandora_article_repository</subfield></datafield><datafield tag="787" ind1="1" ind2=" "><subfield code="o">product_pubag</subfield></datafield><datafield tag="787" ind1="1" ind2=" "><subfield code="o">(Journal)jnl70038</subfield></datafield><datafield tag="852" ind1=" " ind2=" "><subfield code="a">DNAL</subfield></datafield><datafield tag="856" ind1="4" ind2="0"><subfield code="u">http://dx.doi.org/10.1007/s10021-009-9256-2</subfield></datafield><datafield tag="912" ind1=" " ind2=" "><subfield code="a">Article</subfield></datafield><datafield tag="914" ind1=" " ind2=" "><subfield code="a">Journal:jnl70038</subfield><subfield code="b">1432-9840</subfield><subfield code="c">12</subfield><subfield code="d">5</subfield><subfield code="e">777</subfield></datafield><datafield tag="914" ind1=" " ind2=" "><subfield code="f">Ecosystems</subfield></datafield><datafield tag="917" ind1=" " ind2=" "><subfield code="a">issued</subfield></datafield><datafield tag="935" ind1=" " ind2=" "><subfield code="a">IND44240390</subfield><subfield code="9">ExL</subfield></datafield><datafield tag="949" ind1=" " ind2=" "><subfield code="a">2013-12-31</subfield></datafield><datafield tag="962" ind1=" " ind2=" "><subfield code="a">Journal ISSN is 1435-0629</subfield></datafield><datafield tag="962" ind1=" " ind2=" "><subfield code="a">Batch:400 annotated on 2013-12-13T14:28:25Z</subfield></datafield><datafield tag="962" ind1=" " ind2=" "><subfield code="a">Batch:400 reviewed on 2013-12-30T16:00:03Z</subfield></datafield><datafield tag="962" ind1=" " ind2=" "><subfield code="a">Batch:400 reviewed on 2013-12-31T04:00:03Z</subfield></datafield><datafield tag="974" ind1=" " ind2=" "><subfield code="a">agid:467687</subfield></datafield><datafield tag="984" ind1=" " ind2=" "><subfield code="a">2009-07-31</subfield></datafield><datafield tag="985" ind1=" " ind2=" "><subfield code="a">Converted from MARCXML to MODS version 3.4 using MARC21slim2MODS3-4.xsl (Revision 1.77 2012/03/23)</subfield></datafield><datafield tag="986" ind1=" " ind2=" "><subfield code="a">4240390</subfield></datafield></record>