<record><leader>04359nab a2200673 u 4500</leader><controlfield tag="001">9915719809107426</controlfield><controlfield tag="005">20221119210900.0</controlfield><controlfield tag="008">190415e201804 xx |||||o|||||||||||eng||</controlfield><datafield tag="" ind1="7" ind2=" "><subfield code="a">IND606352544</subfield><subfield code="2">DNAL</subfield></datafield><datafield tag="024" ind1="7" ind2=" "><subfield code="a">10.1/j.ufug.2018.01.021</subfield><subfield code="2">doi</subfield></datafield><datafield tag="035" ind1=" " ind2=" "><subfield code="a">agid:6352544-01nal_inst</subfield></datafield><datafield tag="040" ind1=" " ind2=" "><subfield code="a">AGL</subfield><subfield code="b">eng</subfield><subfield code="c">AGL</subfield></datafield><datafield tag="100" ind1="1" ind2=" "><subfield code="a">Yan, Jingli</subfield><subfield code="e">author</subfield><subfield code="u">State Key Laboratory of Urban and Regional Ecology, Research Center for Eco-Environmental Sciences, Chinese Academy of Sciences, Beijing 100085, China</subfield><subfield code="1">https://orcid.org/0000-0001-7907-0068</subfield></datafield><datafield tag="245" ind1="1" ind2="0"><subfield code="a">Mapping vegetation functional types in urban areas with WorldView-2 imagery: Integrating object-based classification with phenology</subfield></datafield><datafield tag="300" ind1=" " ind2=" "><subfield code="a">p. 230-240.</subfield></datafield><datafield tag="520" ind1=" " ind2=" "><subfield code="a">Mapping urban vegetation is a prerequisite to accurately understanding landscape patterns and ecological services provided by urban vegetation. However, the uncertainties in fine-scale vegetation biodiversity mapping still exist in capturing vegetation functional types efficiently at fine scale. To facilitate the application of fine-scale vegetation spatial configuration used for urban landscape planning and ecosystem service valuation, we present an approach integrating object-based classification with vegetation phenology for fine-scale vegetation functional type mapping in compact city of Beijing, China. The phenological information derived from two WorldView-2 imagery scenes, acquired on 14 September 2012 and 26 November 2012, was used to aid in the classification of tree functional types and grass. Then we further compared the approach to that of using only one WorldView imagery. We found WorldView-2 imagery can be successfully applied to map functional types of urban vegetation with its high spatial resolution and relatively high spectral resolution. The application of the vegetation phenology into classification greatly improved the overall accuracy of classification from 82.3% to 91.1%. In particular, the accuracies of vegetation types was improved by from 10% to 13.26%. The approach integrating vegetation phenology with high-resolution remote sensed images provides an efficient tool to incorporate multi-temporal data into fine-scale urban classification.</subfield></datafield><datafield tag="592" ind1=" " ind2=" "><subfield code="a">Publisher supplied data</subfield></datafield><datafield tag="593" ind1=" " ind2=" "><subfield code="a">PubAg article</subfield></datafield><datafield tag="650" ind1=" " ind2="3"><subfield code="a">biodiversity</subfield></datafield><datafield tag="650" ind1=" " ind2="3"><subfield code="a">ecosystem services</subfield></datafield><datafield tag="650" ind1=" " ind2="3"><subfield code="a">grasses</subfield></datafield><datafield tag="650" ind1=" " ind2="3"><subfield code="a">landscapes</subfield></datafield><datafield tag="650" ind1=" " ind2="3"><subfield code="a">phenology</subfield></datafield><datafield tag="650" ind1=" " ind2="3"><subfield code="a">planning</subfield></datafield><datafield tag="650" ind1=" " ind2="3"><subfield code="a">remote sensing</subfield></datafield><datafield tag="650" ind1=" " ind2="3"><subfield code="a">spectral analysis</subfield></datafield><datafield tag="650" ind1=" " ind2="3"><subfield code="a">trees</subfield></datafield><datafield tag="650" ind1=" " ind2="3"><subfield code="a">uncertainty</subfield></datafield><datafield tag="650" ind1=" " ind2="3"><subfield code="a">urban areas</subfield></datafield><datafield tag="650" ind1=" " ind2="3"><subfield code="a">vegetation</subfield></datafield><datafield tag="651" ind1=" " ind2="3"><subfield code="a">China</subfield></datafield><datafield tag="653" ind1=" " ind2="0"><subfield code="a">Urban land cover</subfield></datafield><datafield tag="653" ind1=" " ind2="0"><subfield code="a">Vegetation phenology</subfield></datafield><datafield tag="653" ind1=" " ind2="0"><subfield code="a">Vegetation functional type</subfield></datafield><datafield tag="653" ind1=" " ind2="0"><subfield code="a">WorldView-2 imagery</subfield></datafield><datafield tag="653" ind1=" " ind2="0"><subfield code="a">Multi-seasonal images</subfield></datafield><datafield tag="700" ind1="1" ind2=" "><subfield code="a">Zhou, Weiqi</subfield><subfield code="e">author</subfield><subfield code="u">State Key Laboratory of Urban and Regional Ecology, Research Center for Eco-Environmental Sciences, Chinese Academy of Sciences, Beijing 100085, China</subfield></datafield><datafield tag="700" ind1="1" ind2=" "><subfield code="a">Han, Lijian</subfield><subfield code="e">author</subfield><subfield code="u">State Key Laboratory of Urban and Regional Ecology, Research Center for Eco-Environmental Sciences, Chinese Academy of Sciences, Beijing 100085, China</subfield></datafield><datafield tag="700" ind1="1" ind2=" "><subfield code="a">Qian, Yuguo</subfield><subfield code="e">author</subfield><subfield code="u">State Key Laboratory of Urban and Regional Ecology, Research Center for Eco-Environmental Sciences, Chinese Academy of Sciences, Beijing 100085, China</subfield></datafield><datafield tag="773" ind1="0" ind2=" "><subfield code="t">Urban forestry &amp; urban greening.</subfield><subfield code="g">2018 Apr., v. 31 p.230-240</subfield><subfield code="d">Elsevier GmbH</subfield><subfield code="w">Journal:jnl893556</subfield><subfield code="x">1618-8667</subfield><subfield code="7">nnas</subfield></datafield><datafield tag="787" ind1="1" ind2=" "><subfield code="o">islandora_article_repository</subfield></datafield><datafield tag="787" ind1="1" ind2=" "><subfield code="o">product_pubag</subfield></datafield><datafield tag="787" ind1="1" ind2=" "><subfield code="o">(Journal)jnl893556</subfield></datafield><datafield tag="856" ind1="4" ind2="0"><subfield code="u">https://dx.doi.org/10.1/j.ufug.2018.01.021</subfield><subfield code="3">Available from publisher's site</subfield></datafield><datafield tag="912" ind1=" " ind2=" "><subfield code="a">Article</subfield></datafield><datafield tag="914" ind1=" " ind2=" "><subfield code="a">Journal:jnl893556</subfield><subfield code="b">1618-8667</subfield><subfield code="c">31</subfield><subfield code="e">230</subfield></datafield><datafield tag="914" ind1=" " ind2=" "><subfield code="f">Urban forestry &amp; urban greening</subfield></datafield><datafield tag="916" ind1=" " ind2=" "><subfield code="a">Batch:2231</subfield></datafield><datafield tag="917" ind1=" " ind2=" "><subfield code="a">issued</subfield></datafield><datafield tag="918" ind1="2" ind2=" "><subfield code="a">Elsevier Consyn</subfield><subfield code="e">provider</subfield><subfield code="5">DNAL</subfield></datafield><datafield tag="935" ind1=" " ind2=" "><subfield code="a">IND606352544</subfield><subfield code="9">ExL</subfield></datafield><datafield tag="949" ind1=" " ind2=" "><subfield code="a">2019-06-21</subfield></datafield><datafield tag="953" ind1=" " ind2=" "><subfield code="a" >/data/metadata/incoming/consyn-backfiles/46-2-00105-HEAD-ONLY.zip</subfield></datafield><datafield tag="954" ind1=" " ind2=" "><subfield code="a" >file:/data/metadata/staging/consyn-backfiles/S1618866717300729.xml</subfield></datafield><datafield tag="955" ind1=" " ind2=" "><subfield code="a">/data/metadata/staging/consyn-backfiles/</subfield></datafield><datafield tag="962" ind1=" " ind2=" "><subfield code="a">Batch:2231 reviewed on 2019-06-21T11:00:03Z</subfield></datafield><datafield tag="974" ind1=" " ind2=" "><subfield code="a">agid:6352544</subfield></datafield><datafield tag="983" ind1=" " ind2=" "><subfield code="a">2019-04-15</subfield></datafield><datafield tag="984" ind1=" " ind2=" "><subfield code="a">2019-06-21</subfield></datafield></record>