<record><leader>04891nab a2200805 u 4500</leader><controlfield tag="001">9915719811107426</controlfield><controlfield tag="005">20221119210828.0</controlfield><controlfield tag="008">200509e201805 xx |||||o|||||||||||eng||</controlfield><datafield tag="" ind1="7" ind2=" "><subfield code="a">IND606352545</subfield><subfield code="2">DNAL</subfield></datafield><datafield tag="024" ind1="7" ind2=" "><subfield code="a">10.1/j.ufug.2018.03.015</subfield><subfield code="2">doi</subfield></datafield><datafield tag="035" ind1=" " ind2=" "><subfield code="a">agid:6352545-01nal_inst</subfield></datafield><datafield tag="040" ind1=" " ind2=" "><subfield code="a">AGL</subfield><subfield code="b">eng</subfield><subfield code="c">AGL</subfield></datafield><datafield tag="100" ind1="1" ind2=" "><subfield code="a">Brunbjerg, Ane Kirstine</subfield><subfield code="e">author</subfield><subfield code="u">School of Geography, Earth and Environmental Sciences, University of Birmingham, Birmingham, UK</subfield></datafield><datafield tag="245" ind1="1" ind2="0"><subfield code="a">Can patterns of urban biodiversity be predicted using simple measures of green infrastructure?</subfield></datafield><datafield tag="300" ind1=" " ind2=" "><subfield code="a">p. 143-153.</subfield></datafield><datafield tag="520" ind1=" " ind2=" "><subfield code="a">Urban species and habitats provide important ecosystem services such as summertime cooling, recreation, and pollination at a variety of scales. Many studies have assessed how biodiversity responds to urbanization, but little work has been done to try and create recommendations that can be easily applied to urban planning, design and management practice. Urban planning often operates at broad spatial scales, typically using relatively simplistic targets for land-cover mix to influence biodiversity and ecosystem service provision. Would more complicated, but still easily created, prescriptions for urban vegetation be beneficial? Here we assess the importance of vegetation measures (percentage vegetation cover, tree canopy cover and variation in canopy height) across four taxonomic groups (bats, bees, hoverflies and birds) at multiple spatial scales (100, 250, 500, 1000 m) within a major urban area (Birmingham, the United Kingdom). We found that small-scale (100–250-m radius) measures of vegetation were important predictors for hoverflies and bees, and that bats were sensitive to vegetation at a medium spatial-scale (250–500 m). In contrast, birds responded to vegetation characteristics at both small (100 m) and large (1000 m) scales. Vegetation cover, tree cover and variation in canopy height were expected to decrease with built surface cover; however, only vegetation cover showed this expected trend. The results indicate the importance of relatively small patches of vegetationfor supporting urban biodiversity, and show that relatively simple measures of vegetation characteristics can be useful predictors of species richness (or activity density, in the case of bats). They also highlight the danger of relying upon percentage built surface cover as an indicator of urban biodiversity potential.</subfield></datafield><datafield tag="592" ind1=" " ind2=" "><subfield code="a">Publisher supplied data</subfield></datafield><datafield tag="593" ind1=" " ind2=" "><subfield code="a">PubAg article</subfield></datafield><datafield tag="650" ind1=" " ind2="3"><subfield code="a">Chiroptera</subfield></datafield><datafield tag="650" ind1=" " ind2="3"><subfield code="a">Syrphidae</subfield></datafield><datafield tag="650" ind1=" " ind2="3"><subfield code="a">bees</subfield></datafield><datafield tag="650" ind1=" " ind2="3"><subfield code="a">birds</subfield></datafield><datafield tag="650" ind1=" " ind2="3"><subfield code="a">canopy</subfield></datafield><datafield tag="650" ind1=" " ind2="3"><subfield code="a">canopy height</subfield></datafield><datafield tag="650" ind1=" " ind2="3"><subfield code="a">cooling</subfield></datafield><datafield tag="650" ind1=" " ind2="3"><subfield code="a">ecosystem services</subfield></datafield><datafield tag="650" ind1=" " ind2="3"><subfield code="a">green infrastructure</subfield></datafield><datafield tag="650" ind1=" " ind2="3"><subfield code="a">habitats</subfield></datafield><datafield tag="650" ind1=" " ind2="3"><subfield code="a">land cover</subfield></datafield><datafield tag="650" ind1=" " ind2="3"><subfield code="a">pollination</subfield></datafield><datafield tag="650" ind1=" " ind2="3"><subfield code="a">population characteristics</subfield></datafield><datafield tag="650" ind1=" " ind2="3"><subfield code="a">recreation</subfield></datafield><datafield tag="650" ind1=" " ind2="3"><subfield code="a">species richness</subfield></datafield><datafield tag="650" ind1=" " ind2="3"><subfield code="a">summer</subfield></datafield><datafield tag="650" ind1=" " ind2="3"><subfield code="a">trees</subfield></datafield><datafield tag="650" ind1=" " ind2="3"><subfield code="a">urban areas</subfield></datafield><datafield tag="650" ind1=" " ind2="3"><subfield code="a">urban planning</subfield></datafield><datafield tag="650" ind1=" " ind2="3"><subfield code="a">urbanization</subfield></datafield><datafield tag="650" ind1=" " ind2="3"><subfield code="a">vegetation cover</subfield></datafield><datafield tag="651" ind1=" " ind2="3"><subfield code="a">United Kingdom</subfield></datafield><datafield tag="653" ind1=" " ind2="0"><subfield code="a">Bat</subfield></datafield><datafield tag="653" ind1=" " ind2="0"><subfield code="a">Bee</subfield></datafield><datafield tag="653" ind1=" " ind2="0"><subfield code="a">Bird</subfield></datafield><datafield tag="653" ind1=" " ind2="0"><subfield code="a">Hoverfly</subfield></datafield><datafield tag="653" ind1=" " ind2="0"><subfield code="a">Tree canopy height</subfield></datafield><datafield tag="653" ind1=" " ind2="0"><subfield code="a">Vegetation cover</subfield></datafield><datafield tag="700" ind1="1" ind2=" "><subfield code="a">Hale, James D.</subfield><subfield code="e">author</subfield><subfield code="u">School of Geography, Earth and Environmental Sciences, University of Birmingham, Birmingham, UK</subfield></datafield><datafield tag="700" ind1="1" ind2=" "><subfield code="a">Bates, Adam J.</subfield><subfield code="e">author</subfield><subfield code="u">Animal, Rural &amp; Environmental Sciences, Nottingham Trent University, Nottingham, UK.</subfield></datafield><datafield tag="700" ind1="1" ind2=" "><subfield code="a">Fowler, Robert E.</subfield><subfield code="e">author</subfield><subfield code="u">School of Life Sciences, University of Sussex, Brighton, UK</subfield><subfield code="1">https://orcid.org/0000-0002-5246-8831</subfield></datafield><datafield tag="700" ind1="1" ind2=" "><subfield code="a">Rosenfeld, Emma J.</subfield><subfield code="e">author</subfield><subfield code="u">Environment and Sustainability Institute, University of Exeter, Cornwall, UK</subfield></datafield><datafield tag="700" ind1="1" ind2=" "><subfield code="a">Sadler, Jonathan P.</subfield><subfield code="e">author</subfield><subfield code="u">School of Geography, Earth and Environmental Sciences, University of Birmingham, Birmingham, UK</subfield></datafield><datafield tag="773" ind1="0" ind2=" "><subfield code="t">Urban forestry &amp; urban greening.</subfield><subfield code="g">2018 May, v. 32 p.143-153</subfield><subfield code="d">Elsevier GmbH</subfield><subfield code="w">Journal:jnl893556</subfield><subfield code="x">1618-8667</subfield><subfield code="7">nnas</subfield></datafield><datafield tag="787" ind1="1" ind2=" "><subfield code="o">islandora_article_repository</subfield></datafield><datafield tag="787" ind1="1" ind2=" "><subfield code="o">product_pubag</subfield></datafield><datafield tag="787" ind1="1" ind2=" "><subfield code="o">(Journal)jnl893556</subfield></datafield><datafield tag="856" ind1="4" ind2="0"><subfield code="u">https://dx.doi.org/10.1/j.ufug.2018.03.015</subfield><subfield code="3">Available from publisher's site</subfield></datafield><datafield tag="912" ind1=" " ind2=" "><subfield code="a">Article</subfield></datafield><datafield tag="914" ind1=" " ind2=" "><subfield code="a">Journal:jnl893556</subfield><subfield code="b">1618-8667</subfield><subfield code="c">32</subfield><subfield code="e">143</subfield></datafield><datafield tag="914" ind1=" " ind2=" "><subfield code="f">Urban forestry &amp; urban greening</subfield></datafield><datafield tag="916" ind1=" " ind2=" "><subfield code="a">Batch:2231</subfield></datafield><datafield tag="917" ind1=" " ind2=" "><subfield code="a">issued</subfield></datafield><datafield tag="918" ind1="2" ind2=" "><subfield code="a">Elsevier Consyn</subfield><subfield code="e">provider</subfield><subfield code="5">DNAL</subfield></datafield><datafield tag="935" ind1=" " ind2=" "><subfield code="a">IND606352545</subfield><subfield code="9">ExL</subfield></datafield><datafield tag="949" ind1=" " ind2=" "><subfield code="a">2019-06-21</subfield></datafield><datafield tag="953" ind1=" " ind2=" "><subfield code="a">/data/metadata/incoming/consyn/109462204607484701-00004-HEAD-ONLY-NEW CONSYN ISSNS.zip</subfield></datafield><datafield tag="954" ind1=" " ind2=" "><subfield code="a">file:/data/metadata/staging/consyn/S1618866717307.xml</subfield></datafield><datafield tag="955" ind1=" " ind2=" "><subfield code="a">/data/metadata/staging/consyn/</subfield></datafield><datafield tag="974" ind1=" " ind2=" "><subfield code="a">agid:6352545</subfield></datafield><datafield tag="983" ind1=" " ind2=" "><subfield code="a">2020-05-09</subfield></datafield><datafield tag="984" ind1=" " ind2=" "><subfield code="a">2020-05-09</subfield></datafield></record>