<record><leader>05350nab a2200685 u 4500</leader><controlfield tag="001">9915719844007426</controlfield><controlfield tag="005">20221119210656.0</controlfield><controlfield tag="008">200113e201811 xx |||||o|||||||||||eng||</controlfield><datafield tag="" ind1="7" ind2=" "><subfield code="a">IND606161378</subfield><subfield code="2">DNAL</subfield></datafield><datafield tag="024" ind1="7" ind2=" "><subfield code="a">10.1/j.flora.2018.08.</subfield><subfield code="2">doi</subfield></datafield><datafield tag="035" ind1=" " ind2=" "><subfield code="a">agid:6161378-01nal_inst</subfield></datafield><datafield tag="040" ind1=" " ind2=" "><subfield code="a">AGL</subfield><subfield code="b">eng</subfield><subfield code="c">AGL</subfield></datafield><datafield tag="100" ind1="1" ind2=" "><subfield code="a">Nettesheim, Felipe Cito</subfield><subfield code="e">author</subfield><subfield code="u">Programa de Pós-Graduação em Ecologia, Laboratório de Ecologia Vegetal, Universidade Federal do Rio de Janeiro, Av. Carlos Chagas Filho 373, Cidade Universitária (Ilha do Fundão), Rio de Janeiro, RJ, Brazil</subfield><subfield code="1">https://orcid.org/0000-0002-3143-6750</subfield></datafield><datafield tag="245" ind1="1" ind2="0"><subfield code="a">Local-scale elevation patterns of Atlantic Forest tree community variation and assembly drivers in a conservation hotspot in southeastern Brazil</subfield></datafield><datafield tag="300" ind1=" " ind2=" "><subfield code="a">p. 61-69.</subfield></datafield><datafield tag="520" ind1=" " ind2=" "><subfield code="a">Understanding natural community assembly along elevational gradients has long attracted the attention of ecologists and botanists. Here, we study a tropical local-scale elevational gradient at a dissected mountainous terrain to understand if drivers of tree community variation and assembly patterns are similar to those reported for greater spatial distances and elevational gradients in the Atlantic Forest region. We inventoried trees with Diameter at Breast Height (DBH) ≥5.0 cm in 154 plots (10 × 10 m; 1.54 ha) systematically distributed along a local-scale (&lt;1 km²) steep environmental gradient ranging between 100 and 640 m of elevation (a.s.l.) in southeastern Brazil; we also recorded environmental conditions (litter, soil characteristics and topographic variables) and the geographic coordinates of each plot. We detected 297 species and 61 families. Several species of the tree community displayed relevance (importance values) variation patterns along the elevational gradient. Species richness and diversity levels peaked near the middle of the local-scale elevational gradient. Although there was a strong indication of spatial structure effects, environmental effects were more relevant to explain the patterns of tree community assembly. The evidence supports the presence of a continuous gradual change of dominant tree species and indicates, for the first time, that community variation patterns commonly detected over greater spatial distances and elevational gradients can occur within a local-scale (small spatial distance) elevational gradient of a rough mountainous terrain. Findings help to consolidate that niche-related environmental effects associated to the heterogeneous environment (litter, soil and topography) of a tropical mountainous conservation hotspot can have greater influence than neutral-related spatial effects over tree community assembly from local to regional-scales.</subfield></datafield><datafield tag="592" ind1=" " ind2=" "><subfield code="a">Publisher supplied data</subfield></datafield><datafield tag="593" ind1=" " ind2=" "><subfield code="a">PubAg article</subfield></datafield><datafield tag="650" ind1=" " ind2="3"><subfield code="a">botanists</subfield></datafield><datafield tag="650" ind1=" " ind2="3"><subfield code="a">environmental factors</subfield></datafield><datafield tag="650" ind1=" " ind2="3"><subfield code="a">environmental impact</subfield></datafield><datafield tag="650" ind1=" " ind2="3"><subfield code="a">forest trees</subfield></datafield><datafield tag="650" ind1=" " ind2="3"><subfield code="a">forests</subfield></datafield><datafield tag="650" ind1=" " ind2="3"><subfield code="a">geographical coordinates</subfield></datafield><datafield tag="650" ind1=" " ind2="3"><subfield code="a">landscapes</subfield></datafield><datafield tag="650" ind1=" " ind2="3"><subfield code="a">mountains</subfield></datafield><datafield tag="650" ind1=" " ind2="3"><subfield code="a">soil properties</subfield></datafield><datafield tag="650" ind1=" " ind2="3"><subfield code="a">species richness</subfield></datafield><datafield tag="650" ind1=" " ind2="3"><subfield code="a">topography</subfield></datafield><datafield tag="650" ind1=" " ind2="3"><subfield code="a">tree and stand measurements</subfield></datafield><datafield tag="651" ind1=" " ind2="3"><subfield code="a">Brazil</subfield></datafield><datafield tag="653" ind1=" " ind2="0"><subfield code="a">Community composition</subfield></datafield><datafield tag="653" ind1=" " ind2="0"><subfield code="a">Community structure</subfield></datafield><datafield tag="653" ind1=" " ind2="0"><subfield code="a">Environmental factors</subfield></datafield><datafield tag="653" ind1=" " ind2="0"><subfield code="a">Serra do Mar mountain range</subfield></datafield><datafield tag="653" ind1=" " ind2="0"><subfield code="a">Spatial factors</subfield></datafield><datafield tag="653" ind1=" " ind2="0"><subfield code="a">Species diversity</subfield></datafield><datafield tag="700" ind1="1" ind2=" "><subfield code="a">Garbin, Mário Luís</subfield><subfield code="e">author</subfield><subfield code="u">Programa de Pós-Graduação em Ecologia de Ecossistemas, Laboratório de Ecologia Vegetal, Av. Comissário José Dantas de Melo 21, Boa Vista, Vila Velha, ES, Brazil</subfield><subfield code="1">https://orcid.org/0000-0003-4137-2102</subfield></datafield><datafield tag="700" ind1="1" ind2=" "><subfield code="a">Pereira, Marcos Gervasio</subfield><subfield code="e">author</subfield><subfield code="u">Laboratório de Gênese e Classificação de Solos, Universidade Federal Rural do Rio de Janeiro, Instituto de Agronomia, Departamento de Solos, Rodovia BR 465 km 7, Seropédica, RJ, Brazil</subfield><subfield code="1">https://orcid.org/0000-0002-1402-3612</subfield></datafield><datafield tag="700" ind1="1" ind2=" "><subfield code="a">Araujo, Dorothy Sue Dunn de</subfield><subfield code="e">author</subfield><subfield code="u">Instituto de Pesquisas Jardim Botânico do Rio de Janeiro, Sistemática Vegetal, Rua Pacheco Leão 915, Jardim Botânico, Rio de Janeiro, RJ, Brazil</subfield></datafield><datafield tag="700" ind1="1" ind2=" "><subfield code="a">Grelle, Carlos Eduardo de Viveiros</subfield><subfield code="e">author</subfield><subfield code="u">Programa de Pós-Graduação em Ecologia, Laboratório de Ecologia Vegetal, Universidade Federal do Rio de Janeiro, Av. Carlos Chagas Filho 373, Cidade Universitária (Ilha do Fundão), Rio de Janeiro, RJ, Brazil</subfield></datafield><datafield tag="773" ind1="0" ind2=" "><subfield code="t">Flora.</subfield><subfield code="g">2018 Nov., v. 248 p.61-69</subfield><subfield code="d">Elsevier GmbH</subfield><subfield code="w">Journal:jnl51878</subfield><subfield code="x">0367-2530</subfield><subfield code="7">nnas</subfield></datafield><datafield tag="787" ind1="1" ind2=" "><subfield code="o">islandora_article_repository</subfield></datafield><datafield tag="787" ind1="1" ind2=" "><subfield code="o">product_pubag</subfield></datafield><datafield tag="787" ind1="1" ind2=" "><subfield code="o">(Journal)jnl51878</subfield></datafield><datafield tag="856" ind1="4" ind2="0"><subfield code="u">https://dx.doi.org/10.1/j.flora.2018.08.</subfield><subfield code="3">Available from publisher's site</subfield></datafield><datafield tag="912" ind1=" " ind2=" "><subfield code="a">Article</subfield></datafield><datafield tag="914" ind1=" " ind2=" "><subfield code="a">Journal:jnl51878</subfield><subfield code="b">0367-2530</subfield><subfield code="c">248</subfield><subfield code="e">61</subfield></datafield><datafield tag="914" ind1=" " ind2=" "><subfield code="f">Flora</subfield></datafield><datafield tag="916" ind1=" " ind2=" "><subfield code="a">Batch:2099</subfield></datafield><datafield tag="917" ind1=" " ind2=" "><subfield code="a">issued</subfield></datafield><datafield tag="918" ind1="2" ind2=" "><subfield code="a">Elsevier Consyn</subfield><subfield code="e">provider</subfield><subfield code="5">DNAL</subfield></datafield><datafield tag="935" ind1=" " ind2=" "><subfield code="a">IND606161378</subfield><subfield code="9">ExL</subfield></datafield><datafield tag="949" ind1=" " ind2=" "><subfield code="a">2019-04-03</subfield></datafield><datafield tag="953" ind1=" " ind2=" "><subfield code="a" >/data/metadata/incoming/consyn/877095995899571467-00001-HEAD-ONLY-REVISEDSUBJECTLIST.zip</subfield></datafield><datafield tag="954" ind1=" " ind2=" "><subfield code="a">file:/data/metadata/staging/consyn/S0367253018300410.xml</subfield></datafield><datafield tag="955" ind1=" " ind2=" "><subfield code="a">/data/metadata/staging/consyn/</subfield></datafield><datafield tag="974" ind1=" " ind2=" "><subfield code="a">agid:6161378</subfield></datafield><datafield tag="983" ind1=" " ind2=" "><subfield code="a">2020-01-13</subfield></datafield><datafield tag="984" ind1=" " ind2=" "><subfield code="a">2020-01-13</subfield></datafield></record>