<record><leader>03221nab a2200661 u 4500</leader><controlfield tag="001">9915720279207426</controlfield><controlfield tag="005">20221119212622.0</controlfield><controlfield tag="008">110125e201102 xx |||||o|||||||||||eng||</controlfield><datafield tag="" ind1="7" ind2=" "><subfield code="a">IND44480250</subfield><subfield code="2">DNAL</subfield></datafield><datafield tag="024" ind1="7" ind2=" "><subfield code="a">21176051</subfield><subfield code="2">pmid</subfield></datafield><datafield tag="024" ind1="7" ind2=" "><subfield code="a">10.1111/j.1461-0248.2010.01571.x</subfield><subfield code="2">doi</subfield></datafield><datafield tag="035" ind1=" " ind2=" "><subfield code="a">agid:495922-01nal_inst</subfield></datafield><datafield tag="040" ind1=" " ind2=" "><subfield code="a">AGL</subfield><subfield code="b">eng</subfield><subfield code="c">AGL</subfield></datafield><datafield tag="100" ind1="1" ind2=" "><subfield code="a">Swamy, Varun</subfield></datafield><datafield tag="245" ind1="1" ind2="0"><subfield code="a">Are all seeds equal? Spatially explicit comparisons of seed fall and sapling recruitment in a tropical forest</subfield></datafield><datafield tag="300" ind1=" " ind2=" "><subfield code="a">p. 195-201.</subfield></datafield><datafield tag="500" ind1=" " ind2=" "><subfield code="a">Includes references</subfield></datafield><datafield tag="500" ind1=" " ind2=" "><subfield code="a">2019-12-06</subfield></datafield><datafield tag="520" ind1=" " ind2=" "><subfield code="a">Ecology Letters (2011) 14: 195-201 ABSTRACT: Understanding demographic transitions may provide the key to explain the high diversity of tropical tree communities. In a faunally intact Amazonian forest, we compared the spatial distribution of saplings of 15 common tree species with patterns of conspecific seed fall, and examined the seed-to-sapling transition in relation to locations of conspecific trees. In all species, the spatial pattern of sapling recruitment bore no resemblance to predicted distributions based on the density of seed fall. Seed efficiency (the probability of a seed producing a sapling) is strongly correlated with distance from large conspecific trees, with a &gt; 30-fold multiplicative increase between recruitment zones that are most distant vs. proximal to conspecific adults. The striking decoupling of sapling recruitment and conspecific seed density patterns indicates near-complete recruitment failure in areas of high seed density located around reproductive adults. Our results provide strong support for the spatially explicit predictions of the Janzen-Connell hypothesis.</subfield></datafield><datafield tag="593" ind1=" " ind2=" "><subfield code="a">PubAg article</subfield></datafield><datafield tag="650" ind1=" " ind2="3"><subfield code="a">probability</subfield></datafield><datafield tag="650" ind1=" " ind2="3"><subfield code="a">seeds</subfield></datafield><datafield tag="650" ind1=" " ind2="3"><subfield code="a">saplings</subfield></datafield><datafield tag="650" ind1=" " ind2="3"><subfield code="a">tropical forests</subfield></datafield><datafield tag="650" ind1=" " ind2="3"><subfield code="a">adults</subfield></datafield><datafield tag="650" ind1=" " ind2="2"><subfield code="a">Ecosystem</subfield></datafield><datafield tag="650" ind1=" " ind2="2"><subfield code="a">Population Dynamics</subfield></datafield><datafield tag="650" ind1=" " ind2="2"><subfield code="a">Seedling</subfield><subfield code="x">growth &amp; development</subfield></datafield><datafield tag="650" ind1=" " ind2="2"><subfield code="a">Seeds</subfield><subfield code="x">growth &amp; development</subfield></datafield><datafield tag="650" ind1=" " ind2="2"><subfield code="a">Trees</subfield><subfield code="x">growth &amp; development</subfield></datafield><datafield tag="650" ind1=" " ind2="2"><subfield code="a">Tropical Climate</subfield></datafield><datafield tag="651" ind1=" " ind2="0"><subfield code="a">Peru</subfield></datafield><datafield tag="653" ind1=" " ind2="0"><subfield code="a">recruitment</subfield></datafield><datafield tag="700" ind1="1" ind2=" "><subfield code="a">Terborgh, John</subfield></datafield><datafield tag="700" ind1="1" ind2=" "><subfield code="a">Dexter, Kyle G.</subfield></datafield><datafield tag="700" ind1="1" ind2=" "><subfield code="a">Best, Benjamin D.</subfield></datafield><datafield tag="700" ind1="1" ind2=" "><subfield code="a">Alvarez, Patricia</subfield></datafield><datafield tag="700" ind1="1" ind2=" "><subfield code="a">Cornejo, Fernando</subfield></datafield><datafield tag="773" ind1="0" ind2=" "><subfield code="t">Ecology letters.</subfield><subfield code="g">2011 Feb., v. 14, no. 2 p.195-201</subfield><subfield code="d">Blackwell Publishing Ltd</subfield><subfield code="x">1461-023X</subfield><subfield code="7">nnas</subfield></datafield><datafield tag="787" ind1="1" ind2=" "><subfield code="o">islandora_article_repository</subfield></datafield><datafield tag="787" ind1="1" ind2=" "><subfield code="o">product_pubag</subfield></datafield><datafield tag="787" ind1="1" ind2=" "><subfield code="o">(Journal)jnl3774062</subfield></datafield><datafield tag="852" ind1=" " ind2=" "><subfield code="a">DNAL</subfield></datafield><datafield tag="856" ind1="4" ind2="0"><subfield code="u">http://dx.doi.org/10.1111/j.1461-0248.2010.01571.x</subfield></datafield><datafield tag="912" ind1=" " ind2=" "><subfield code="a">Article</subfield></datafield><datafield tag="914" ind1=" " ind2=" "><subfield code="a">Journal:jnl3774062</subfield><subfield code="b">1461-023X</subfield><subfield code="c">14</subfield><subfield code="d">2</subfield><subfield code="e">195</subfield></datafield><datafield tag="914" ind1=" " ind2=" "><subfield code="f">Ecology letters</subfield></datafield><datafield tag="917" ind1=" " ind2=" "><subfield code="a">issued</subfield></datafield><datafield tag="935" ind1=" " ind2=" "><subfield code="a">IND44480250</subfield><subfield code="9">ExL</subfield></datafield><datafield tag="949" ind1=" " ind2=" "><subfield code="a">2014-01-16</subfield></datafield><datafield tag="962" ind1=" " ind2=" "><subfield code="a">Journal ISSN is 1461-0248</subfield></datafield><datafield tag="962" ind1=" " ind2=" "><subfield code="a">Batch:413 annotated on 2013-12-19T17:13:02Z</subfield></datafield><datafield tag="962" ind1=" " ind2=" "><subfield code="a">Batch:413 reviewed on 2014-01-14T16:00:03Z</subfield></datafield><datafield tag="962" ind1=" " ind2=" "><subfield code="a">Batch:413 reviewed on 2014-01-16T04:00:03Z</subfield></datafield><datafield tag="974" ind1=" " ind2=" "><subfield code="a">agid:495922</subfield></datafield><datafield tag="984" ind1=" " ind2=" "><subfield code="a">2011-01-25</subfield></datafield><datafield tag="985" ind1=" " ind2=" "><subfield code="a">Converted from MARCXML to MODS version 3.4 using MARC21slim2MODS3-4.xsl (Revision 1.77 2012/03/23)</subfield></datafield><datafield tag="986" ind1=" " ind2=" "><subfield code="a">4480250</subfield></datafield></record>