<record><leader>03933nab a2200637 u 4500</leader><controlfield tag="001">9915720476607426</controlfield><controlfield tag="005">20221119212320.0</controlfield><controlfield tag="008">090403e200902 xx |||||o|||||||||||eng||</controlfield><datafield tag="" ind1="7" ind2=" "><subfield code="a">IND44185358</subfield><subfield code="2">DNAL</subfield></datafield><datafield tag="024" ind1="7" ind2=" "><subfield code="a">10.1111/j.1600-0587.2008.05507.x</subfield><subfield code="2">doi</subfield></datafield><datafield tag="035" ind1=" " ind2=" "><subfield code="a">agid:495959-01nal_inst</subfield></datafield><datafield tag="040" ind1=" " ind2=" "><subfield code="a">AGL</subfield><subfield code="b">eng</subfield><subfield code="c">AGL</subfield></datafield><datafield tag="100" ind1="1" ind2=" "><subfield code="a">Wang, Xiangping</subfield></datafield><datafield tag="245" ind1="1" ind2="0"><subfield code="a">Relative importance of climate vs local factors in shaping the regional patterns of forest plant richness across northeast China</subfield></datafield><datafield tag="300" ind1=" " ind2=" "><subfield code="a">p. 133-142.</subfield></datafield><datafield tag="500" ind1=" " ind2=" "><subfield code="a">Includes references</subfield></datafield><datafield tag="520" ind1=" " ind2=" "><subfield code="a">Northeast (NE) China covers three climatic zones and contains all the major forest types of NE Asia. We sampled 108 forest plots in six nature reserves across NE China to examine the influence of climate and local factors (canopy seasonality, successional stage, topography and forest structure) on geographic patterns of plant richness. We analyzed the relative effects of different factors at two spatial scales: the regional scale (across both latitude and altitude) and the local scale (along the altitudinal gradient within site). Our results showed that the relative importance of climate vs local factors differed remarkably depending on scale and functional group. While total and tree species richness were mainly limited by climate, herb and shrub richness was more related to local factors (especially at the local scale). In the climatic factors, heat sum was the major correlate of tree, shrub and total species richness, while herb richness was more associated with winter coldness. Precipitation was not a limiting factor for forest plant richness in NE China. Climate accounted for 34-76% of variation in richness at the regional scale, but explained only 0-44% at the local scale. Among the local factors, shrub species richness was sensitive to seasonal canopy openness, with higher richness in deciduous forests than in the evergreen needle-leaf forest. On the other hand, herb richness was sensitive to forest successional stage, with higher richness in middle- successional forests than in the early and late-sucessional forests. Local topography (aspect and position on slope) and forest structure (tree density) also showed remarkable influence on species richness. Our results suggest the importance of including local factors when examining large scale diversity gradient (especially for understory species), and the necessity of comparing diversity patterns among functional groups at different spatial scales.</subfield></datafield><datafield tag="593" ind1=" " ind2=" "><subfield code="a">PubAg article</subfield></datafield><datafield tag="650" ind1=" " ind2="3"><subfield code="a">altitude</subfield></datafield><datafield tag="650" ind1=" " ind2="3"><subfield code="a">canopy</subfield></datafield><datafield tag="650" ind1=" " ind2="3"><subfield code="a">climatic factors</subfield></datafield><datafield tag="650" ind1=" " ind2="3"><subfield code="a">climatic zones</subfield></datafield><datafield tag="650" ind1=" " ind2="3"><subfield code="a">conservation areas</subfield></datafield><datafield tag="650" ind1=" " ind2="3"><subfield code="a">deciduous forests</subfield></datafield><datafield tag="650" ind1=" " ind2="3"><subfield code="a">heat sums</subfield></datafield><datafield tag="650" ind1=" " ind2="3"><subfield code="a">herbs</subfield></datafield><datafield tag="650" ind1=" " ind2="3"><subfield code="a">latitude</subfield></datafield><datafield tag="650" ind1=" " ind2="3"><subfield code="a">planting</subfield></datafield><datafield tag="650" ind1=" " ind2="3"><subfield code="a">shrubs</subfield></datafield><datafield tag="650" ind1=" " ind2="3"><subfield code="a">species diversity</subfield></datafield><datafield tag="650" ind1=" " ind2="3"><subfield code="a">trees</subfield></datafield><datafield tag="651" ind1=" " ind2="3"><subfield code="a">China</subfield></datafield><datafield tag="700" ind1="1" ind2=" "><subfield code="a">Fang, Jingyun</subfield></datafield><datafield tag="700" ind1="1" ind2=" "><subfield code="a">Sanders, Nathan J.</subfield></datafield><datafield tag="700" ind1="1" ind2=" "><subfield code="a">White, Peter S.</subfield></datafield><datafield tag="700" ind1="1" ind2=" "><subfield code="a">Tang, Zhiyao</subfield></datafield><datafield tag="773" ind1="0" ind2=" "><subfield code="t">Ecography.</subfield><subfield code="g">2009 Feb., v. 32, no. 1 p.133-142</subfield><subfield code="d">Blackwell Publishing Ltd</subfield><subfield code="x">0906-7590</subfield><subfield code="7">nnas</subfield></datafield><datafield tag="787" ind1="1" ind2=" "><subfield code="o">islandora_article_repository</subfield></datafield><datafield tag="787" ind1="1" ind2=" "><subfield code="o">product_pubag</subfield></datafield><datafield tag="787" ind1="1" ind2=" "><subfield code="o">(Journal)jnl3867072</subfield></datafield><datafield tag="852" ind1=" " ind2=" "><subfield code="a">DNAL</subfield></datafield><datafield tag="856" ind1="4" ind2="0"><subfield code="u">http://dx.doi.org/10.1111/j.1600-0587.2008.05507.x</subfield></datafield><datafield tag="912" ind1=" " ind2=" "><subfield code="a">Article</subfield></datafield><datafield tag="914" ind1=" " ind2=" "><subfield code="a">Journal:jnl3867072</subfield><subfield code="b">0906-7590</subfield><subfield code="c">32</subfield><subfield code="d">1</subfield><subfield code="e">133</subfield></datafield><datafield tag="914" ind1=" " ind2=" "><subfield code="f">Ecography</subfield></datafield><datafield tag="917" ind1=" " ind2=" "><subfield code="a">issued</subfield></datafield><datafield tag="935" ind1=" " ind2=" "><subfield code="a">IND44185358</subfield><subfield code="9">ExL</subfield></datafield><datafield tag="949" ind1=" " ind2=" "><subfield code="a">2013-08-14</subfield></datafield><datafield tag="962" ind1=" " ind2=" "><subfield code="a">Journal ISSN is 1600-0587</subfield></datafield><datafield tag="962" ind1=" " ind2=" "><subfield code="a">Batch:314 annotated on 2013-08-07T11:20:19Z</subfield></datafield><datafield tag="962" ind1=" " ind2=" "><subfield code="a">Batch:314 reviewed on 2013-08-14T15:00:02Z</subfield></datafield><datafield tag="962" ind1=" " ind2=" "><subfield code="a">Batch:314 reviewed on 2013-08-14T16:00:01Z</subfield></datafield><datafield tag="974" ind1=" " ind2=" "><subfield code="a">agid:495959</subfield></datafield><datafield tag="984" ind1=" " ind2=" "><subfield code="a">2009-05-22</subfield></datafield><datafield tag="985" ind1=" " ind2=" "><subfield code="a">Converted from MARCXML to MODS version 3.4 using MARC21slim2MODS3-4.xsl (Revision 1.77 2012/03/23)</subfield></datafield><datafield tag="986" ind1=" " ind2=" "><subfield code="a">4185358</subfield></datafield></record>