<record><leader>05186nab a2200805 u 4500</leader><controlfield tag="001">9915720619007426</controlfield><controlfield tag="005">20221119212029.0</controlfield><controlfield tag="008">200503e20180201xx |||||o|||||||||||eng||</controlfield><datafield tag="" ind1="7" ind2=" "><subfield code="a">IND605858748</subfield><subfield code="2">DNAL</subfield></datafield><datafield tag="024" ind1="7" ind2=" "><subfield code="a">10.1/j.foreco.2017.11.014</subfield><subfield code="2">doi</subfield></datafield><datafield tag="035" ind1=" " ind2=" "><subfield code="a">agid:5858748-01nal_inst</subfield></datafield><datafield tag="040" ind1=" " ind2=" "><subfield code="a">AGL</subfield><subfield code="b">eng</subfield><subfield code="c">AGL</subfield></datafield><datafield tag="100" ind1="1" ind2=" "><subfield code="a">Corona-Núñez, Rogelio O.</subfield><subfield code="e">author</subfield><subfield code="u">Procesos y Sistemas de Información en Geomática, SA de CV, Calle 5 Viveros de Petén, No. 18, Col. Viveros del Valle, Tlalnepantla, Estado de México CP 54060, Mexico</subfield></datafield><datafield tag="245" ind1="1" ind2="0"><subfield code="a">Aboveground carbon storage in tropical dry forest plots in Oaxaca, Mexico</subfield></datafield><datafield tag="300" ind1=" " ind2=" "><subfield code="a">p. 202-214.</subfield></datafield><datafield tag="520" ind1=" " ind2=" "><subfield code="a">Tropical forests are subject to increasing pressures due to global change. Globally, tropical dry forests (TDFs) have been heavily impacted and these impacts have been poorly quantified. Despite its large coverage in tropical regions, and its important influence on the global C cycle, little is known of spatial variations in aboveground biomass (AGB) distribution of TDFs. The understanding of TDF aboveground biomass has been biased towards the secondary forests, with few studies of mature forests. The aim of this study is to quantify, allocate and understand the natural factors responsible for driving the AGB distribution and, consequently, on C stocks, in natural TDFs in Mexico. The study region represents ∼14% of the total TDF area in Oaxaca. Remote sensing time series across field sites were used to identify suitable sampling locations for mature forests in Oaxaca. Aboveground biomass was normally distributed with a mean of 117 ± 5 Mg ha⁻¹ (±1 SE). Large trees (diameter at breast height, DBH ≥ 30 cm) were found at similar frequencies in small (300–400 m²) and large (4 ha) plots. Depending on the selected allometric equation, at least 60% of the AGB is held in trees with DBH &lt; 28.7 cm. At local scale, large trees (DBH ≥ 30 cm) did not show spatial autocorrelation and, in the landscape, AGB showed a spatial correlation in distances &lt; 250 m. Because of low densities of very large trees (DBH ≥ 75 cm), the mean AGB estimates across different allometric equations only resulted in differences of ∼10%. State factors including climate (mean annual precipitation, temperature and solar radiation) and topography (altitude and distance to streams) modulate the TDF structure and its potential for aboveground storage C across the landscape. Soil texture and pH were the most important soil properties in explaining variations in AGB, with stronger effects than soil nutrients. Across different scales of analysis, higher biomass estimates were related to water availability. This information can support spatial estimates of biomass storage capacity for Mexican TDF, crucial for land and C management.</subfield></datafield><datafield tag="592" ind1=" " ind2=" "><subfield code="a">Publisher supplied data</subfield></datafield><datafield tag="593" ind1=" " ind2=" "><subfield code="a">PubAg article</subfield></datafield><datafield tag="650" ind1=" " ind2="3"><subfield code="a">aboveground biomass</subfield></datafield><datafield tag="650" ind1=" " ind2="3"><subfield code="a">allometry</subfield></datafield><datafield tag="650" ind1=" " ind2="3"><subfield code="a">altitude</subfield></datafield><datafield tag="650" ind1=" " ind2="3"><subfield code="a">atmospheric precipitation</subfield></datafield><datafield tag="650" ind1=" " ind2="3"><subfield code="a">autocorrelation</subfield></datafield><datafield tag="650" ind1=" " ind2="3"><subfield code="a">carbon sequestration</subfield></datafield><datafield tag="650" ind1=" " ind2="3"><subfield code="a">carbon sinks</subfield></datafield><datafield tag="650" ind1=" " ind2="3"><subfield code="a">dry forests</subfield></datafield><datafield tag="650" ind1=" " ind2="3"><subfield code="a">equations</subfield></datafield><datafield tag="650" ind1=" " ind2="3"><subfield code="a">global change</subfield></datafield><datafield tag="650" ind1=" " ind2="3"><subfield code="a">landscapes</subfield></datafield><datafield tag="650" ind1=" " ind2="3"><subfield code="a">pH</subfield></datafield><datafield tag="650" ind1=" " ind2="3"><subfield code="a">remote sensing</subfield></datafield><datafield tag="650" ind1=" " ind2="3"><subfield code="a">secondary forests</subfield></datafield><datafield tag="650" ind1=" " ind2="3"><subfield code="a">soil nutrients</subfield></datafield><datafield tag="650" ind1=" " ind2="3"><subfield code="a">soil texture</subfield></datafield><datafield tag="650" ind1=" " ind2="3"><subfield code="a">solar radiation</subfield></datafield><datafield tag="650" ind1=" " ind2="3"><subfield code="a">streams</subfield></datafield><datafield tag="650" ind1=" " ind2="3"><subfield code="a">temperature</subfield></datafield><datafield tag="650" ind1=" " ind2="3"><subfield code="a">time series analysis</subfield></datafield><datafield tag="650" ind1=" " ind2="3"><subfield code="a">tree and stand measurements</subfield></datafield><datafield tag="650" ind1=" " ind2="3"><subfield code="a">trees</subfield></datafield><datafield tag="650" ind1=" " ind2="3"><subfield code="a">tropical forests</subfield></datafield><datafield tag="650" ind1=" " ind2="3"><subfield code="a">tropics</subfield></datafield><datafield tag="651" ind1=" " ind2="3"><subfield code="a">Mexico</subfield></datafield><datafield tag="653" ind1=" " ind2="0"><subfield code="a">Biomass</subfield></datafield><datafield tag="653" ind1=" " ind2="0"><subfield code="a">Landscape patterns</subfield></datafield><datafield tag="653" ind1=" " ind2="0"><subfield code="a">Spatial scale</subfield></datafield><datafield tag="653" ind1=" " ind2="0"><subfield code="a">Climatic and geophysical controls on AGC storage</subfield></datafield><datafield tag="653" ind1=" " ind2="0"><subfield code="a">Allometries, uncertainty</subfield></datafield><datafield tag="653" ind1=" " ind2="0"><subfield code="a">Mexico</subfield></datafield><datafield tag="700" ind1="1" ind2=" "><subfield code="a">Campo, Julio</subfield><subfield code="e">author</subfield><subfield code="u">Instituto de Ecología, Universidad Nacional Autónoma de México, Mexico City, Mexico</subfield></datafield><datafield tag="700" ind1="1" ind2=" "><subfield code="a">Williams, Mathew</subfield><subfield code="e">author</subfield><subfield code="u">School of GeoSciences, Global Change Research Institute, University of Edinburgh, EH9 3FF Edinburgh, UK</subfield></datafield><datafield tag="773" ind1="0" ind2=" "><subfield code="t">Forest ecology and management.</subfield><subfield code="g">2018 Feb. 01, v. 409 p.202-214</subfield><subfield code="d">Elsevier B.V.</subfield><subfield code="w">Journal:jnl9013</subfield><subfield code="x">0378-1127</subfield><subfield code="7">nnas</subfield></datafield><datafield tag="787" ind1="1" ind2=" "><subfield code="o">islandora_article_repository</subfield></datafield><datafield tag="787" ind1="1" ind2=" "><subfield code="o">product_pubag</subfield></datafield><datafield tag="787" ind1="1" ind2=" "><subfield code="o">(Journal)jnl9013</subfield></datafield><datafield tag="856" ind1="4" ind2="0"><subfield code="u">https://dx.doi.org/10.1/j.foreco.2017.11.014</subfield><subfield code="3">Available from publisher's site</subfield></datafield><datafield tag="912" ind1=" " ind2=" "><subfield code="a">Article</subfield></datafield><datafield tag="914" ind1=" " ind2=" "><subfield code="a">Journal:jnl9013</subfield><subfield code="b">0378-1127</subfield></datafield><datafield tag="914" ind1=" " ind2=" "><subfield code="f">Forest ecology and management</subfield></datafield><datafield tag="916" ind1=" " ind2=" "><subfield code="a">Batch:1876</subfield></datafield><datafield tag="917" ind1=" " ind2=" "><subfield code="a">issued</subfield></datafield><datafield tag="918" ind1="2" ind2=" "><subfield code="a">Elsevier Consyn</subfield><subfield code="e">provider</subfield><subfield code="5">DNAL</subfield></datafield><datafield tag="935" ind1=" " ind2=" "><subfield code="a">IND605858748</subfield><subfield code="9">ExL</subfield></datafield><datafield tag="949" ind1=" " ind2=" "><subfield code="a">2019-04-03</subfield></datafield><datafield tag="953" ind1=" " ind2=" "><subfield code="a">/data/metadata/incoming/consyn/122279531279841237-00003-HEAD-ONLY-NEW CONSYN ISSNS.zip</subfield></datafield><datafield tag="954" ind1=" " ind2=" "><subfield code="a">file:/data/metadata/staging/consyn/S037811271731513X.xml</subfield></datafield><datafield tag="955" ind1=" " ind2=" "><subfield code="a">/data/metadata/staging/consyn/</subfield></datafield><datafield tag="974" ind1=" " ind2=" "><subfield code="a">agid:5858748</subfield></datafield><datafield tag="983" ind1=" " ind2=" "><subfield code="a">2020-05-03</subfield></datafield><datafield tag="984" ind1=" " ind2=" "><subfield code="a">2020-05-03</subfield></datafield></record>