<record><leader>03998nab a2200601 u 4500</leader><controlfield tag="001">9915720703207426</controlfield><controlfield tag="005">20221119212507.0</controlfield><controlfield tag="008">140412e20110505xx |||||o|||||||||||eng||</controlfield><datafield tag="" ind1="7" ind2=" "><subfield code="a">IND500879332</subfield><subfield code="2">DNAL</subfield></datafield><datafield tag="024" ind1="7" ind2=" "><subfield code="a">10.1080/01431161003713036</subfield><subfield code="2">doi</subfield></datafield><datafield tag="035" ind1=" " ind2=" "><subfield code="a">agid:388952-01nal_inst</subfield></datafield><datafield tag="040" ind1=" " ind2=" "><subfield code="a">AGL</subfield><subfield code="b">eng</subfield><subfield code="c">AGL</subfield></datafield><datafield tag="100" ind1="1" ind2=" "><subfield code="a">Orenstein, Daniel E.</subfield><subfield code="e">author</subfield><subfield code="u"> Faculty of Architecture and Town Planning, Technion – Israel Institute of Technology, Technion City, Haifa, 32000, Israel</subfield></datafield><datafield tag="245" ind1="1" ind2="0"><subfield code="a">How much is built? Quantifying and interpreting patterns of built space from different data sources</subfield></datafield><datafield tag="300" ind1=" " ind2=" "><subfield code="a">p. 2621-2644.</subfield></datafield><datafield tag="520" ind1=" " ind2=" "><subfield code="a">Land-use/cover change (LUCC) has emerged as a crucial component of applied research in remote sensing. This work compares two methodologies, based on two data sources, for assessing amounts of land transformed from open to built space in three regions in Israel. We use a decision-tree methodology to define open and built space from remotely sensed (RS) Landsat data and a geographic information systems (GIS) platform for analysing 1:50 000 scale survey maps. The methodologies are developed independently, used to quantify and characterize the spatial pattern of built space, and then analysed for their strengths and weaknesses. We then develop a method for combining the built area maps derived from each methodology, capitalizing on the strengths of each. The RS methodology had higher omission errors for built space in areas with high vegetation levels and low-density exurban development, but high commission errors in the arid region. The GIS analysis generally had fewer errors, although systematically missed built surfaces that were not specifically buildings or roads, as well as structures intentionally omitted from the maps. We recommend using maps for baseline estimates whenever possible and then complementing the estimates with clusters of built areas identified with the RS methodology. The results of this comparative study are relevant to both researchers and practitioners who need to understand the strengths and weaknesses of mapping techniques they are using.</subfield></datafield><datafield tag="592" ind1=" " ind2=" "><subfield code="a">Publisher supplied data</subfield></datafield><datafield tag="593" ind1=" " ind2=" "><subfield code="a">PubAg article</subfield></datafield><datafield tag="650" ind1=" " ind2="3"><subfield code="a">Landsat</subfield></datafield><datafield tag="650" ind1=" " ind2="3"><subfield code="a">arid zones</subfield></datafield><datafield tag="650" ind1=" " ind2="3"><subfield code="a">buildings</subfield></datafield><datafield tag="650" ind1=" " ind2="3"><subfield code="a">decision support systems</subfield></datafield><datafield tag="650" ind1=" " ind2="3"><subfield code="a">geographic information systems</subfield></datafield><datafield tag="650" ind1=" " ind2="3"><subfield code="a">remote sensing</subfield></datafield><datafield tag="650" ind1=" " ind2="3"><subfield code="a">researchers</subfield></datafield><datafield tag="650" ind1=" " ind2="3"><subfield code="a">roads</subfield></datafield><datafield tag="650" ind1=" " ind2="3"><subfield code="a">surveys</subfield></datafield><datafield tag="650" ind1=" " ind2="3"><subfield code="a">vegetation</subfield></datafield><datafield tag="651" ind1=" " ind2="3"><subfield code="a">Israel</subfield></datafield><datafield tag="700" ind1="1" ind2=" "><subfield code="a">Bradley, Bethany A.</subfield><subfield code="e">author</subfield><subfield code="u"> Woodrow Wilson School, 410A Robertson Hall, Princeton University, Princeton, NJ, 08544, USA</subfield></datafield><datafield tag="700" ind1="1" ind2=" "><subfield code="a">Albert, Jeff</subfield><subfield code="e">author</subfield><subfield code="u"> The Aquaya Institute, 37 Graham Street, Suite 100A, The Presidio, San Francisco, CA, 94129, USA</subfield></datafield><datafield tag="700" ind1="1" ind2=" "><subfield code="a">Mustard, John F.</subfield><subfield code="e">author</subfield><subfield code="u"> Department of Geological Sciences, Brown University, Providence, RI, 02912, USA</subfield></datafield><datafield tag="700" ind1="1" ind2=" "><subfield code="a">Hamburg, Steven P.</subfield><subfield code="e">author</subfield><subfield code="u"> Center for Environmental Studies, Brown University, Providence, RI, 02912, USA</subfield></datafield><datafield tag="773" ind1="0" ind2=" "><subfield code="t">International journal of remote sensing.</subfield><subfield code="g">2011 May 5, v. 32, no. 9 p.2621-2644</subfield><subfield code="d">Taylor &amp; Francis</subfield><subfield code="x">1366-5901</subfield><subfield code="7">nnas</subfield></datafield><datafield tag="787" ind1="1" ind2=" "><subfield code="o">islandora_article_repository</subfield></datafield><datafield tag="787" ind1="1" ind2=" "><subfield code="o">product_pubag</subfield></datafield><datafield tag="787" ind1="1" ind2=" "><subfield code="o">(Journal)jnl45620</subfield></datafield><datafield tag="856" ind1="4" ind2="0"><subfield code="u">http://dx.doi.org/10.1080/01431161003713036</subfield></datafield><datafield tag="912" ind1=" " ind2=" "><subfield code="a">Article</subfield></datafield><datafield tag="914" ind1=" " ind2=" "><subfield code="a">Journal:jnl45620</subfield><subfield code="b">1366-5901</subfield><subfield code="c">32</subfield><subfield code="d">9</subfield><subfield code="e">2621</subfield></datafield><datafield tag="914" ind1=" " ind2=" "><subfield code="f">International journal of remote sensing</subfield></datafield><datafield tag="917" ind1=" " ind2=" "><subfield code="a">issued</subfield></datafield><datafield tag="918" ind1="2" ind2=" "><subfield code="a">Taylor &amp; Francis Group</subfield><subfield code="e">provider</subfield><subfield code="5">DNAL</subfield></datafield><datafield tag="935" ind1=" " ind2=" "><subfield code="a">IND500879332</subfield><subfield code="9">ExL</subfield></datafield><datafield tag="949" ind1=" " ind2=" "><subfield code="a">2014-07-24</subfield></datafield><datafield tag="951" ind1=" " ind2=" "><subfield code="a">2014-04-12</subfield></datafield><datafield tag="953" ind1=" " ind2=" "><subfield code="a">tres20_tres20.v032.i09_20111208100256#855045.zip</subfield></datafield><datafield tag="962" ind1=" " ind2=" "><subfield code="a">Batch:589 annotated on 2014-06-26T13:25:02Z</subfield></datafield><datafield tag="962" ind1=" " ind2=" "><subfield code="a">Batch:589 reviewed on 2014-07-22T10:52:02Z</subfield></datafield><datafield tag="962" ind1=" " ind2=" "><subfield code="a">Batch:589 reviewed on 2014-07-24T14:01:56Z</subfield></datafield><datafield tag="974" ind1=" " ind2=" "><subfield code="a">agid:388952</subfield></datafield><datafield tag="983" ind1=" " ind2=" "><subfield code="a">2014-04-12</subfield></datafield><datafield tag="984" ind1=" " ind2=" "><subfield code="a">2014-04-12</subfield></datafield></record>