<record><leader>03806nab a2200517 u 4500</leader><controlfield tag="001">9915720721807426</controlfield><controlfield tag="005">20221119212906.0</controlfield><controlfield tag="008">170626e200506 xx |||||o|||||||||||eng||</controlfield><datafield tag="" ind1="7" ind2=" "><subfield code="a">IND43740629</subfield><subfield code="2">DNAL</subfield></datafield><datafield tag="024" ind1="7" ind2=" "><subfield code="a">10.1890/04-1126</subfield><subfield code="2">doi</subfield></datafield><datafield tag="035" ind1=" " ind2=" "><subfield code="a">agid:1495896-01nal_inst</subfield></datafield><datafield tag="040" ind1=" " ind2=" "><subfield code="a">AGL</subfield><subfield code="b">eng</subfield><subfield code="c">AGL</subfield></datafield><datafield tag="100" ind1="1" ind2=" "><subfield code="a">Paoli, Gary D.</subfield><subfield code="e">author</subfield><subfield code="u">Department of Ecology and Evolutionary Biology, University of Michigan, 830 N. University Avenue, Ann Arbor, Michigan 48109 USA</subfield></datafield><datafield tag="245" ind1="1" ind2="0"><subfield code="a">Phosphorus efficiency of bornean rain forest productivity: evidence against the unimodal efficiency hypothesis</subfield></datafield><datafield tag="300" ind1=" " ind2=" "><subfield code="a">p. 1548-1561.</subfield></datafield><datafield tag="500" ind1=" " ind2=" "><subfield code="a">JOURNAL ARTICLE</subfield></datafield><datafield tag="520" ind1=" " ind2=" "><subfield code="a">Plant communities on nutrient‐poor soils are thought to use nutrients more efficiently to produce biomass than plant communities on nutrient‐rich soils. Yet, increased efficiency with declining soil nutrients has not been demonstrated empirically in lowland tropical rain forests, where plant growth is thought to be strongly limited by soil nutrients, especially phosphorus (P). We tested for higher P uptake and use efficiency across a 16‐fold soil P gradient in lowland Borneo by measuring the P content of aboveground net primary productivity (fine litter production plus new tree growth; ANPP) for 24 months. Extractable soil P was positively related to litter production, tree growth, and ANPP. Efficiency of P response (ANPP/available soil P), uptake (P uptake/available soil P), and use (ANPP/P uptake) increased monotonically with declining soil P and was significantly higher on P‐rich soil than P‐poor soil. Increased P uptake and use efficiency with declining soil P enabled higher than expected plant productivity on low P soils and thus strongly influenced spatial patterns of aboveground productivity throughout this lowland landscape. A complementary P use efficiency index, the integrated canopy P (Pc) use efficiency of production (ANPP/Pc × residence time of Pc), was similar across the P gradient, but underlying dynamics varied significantly with soil P: on rich soils, ANPP/Pc was high and Pc residence time was low, while the converse held on poor soils. These contrasting strategies enabled rapid tree growth on nutrient‐rich soils, where P limitation is relatively weak, and higher P conservation on nutrient‐poor soils, where P limitation is relatively strong. The occurrence of contrasting P use strategies on high and low P soils has important implications for understanding spatial patterns of aboveground productivity, P cycling, and canopy tree species composition across the P gradient.</subfield></datafield><datafield tag="592" ind1=" " ind2=" "><subfield code="a">Publisher supplied data</subfield></datafield><datafield tag="593" ind1=" " ind2=" "><subfield code="a">PubAg article</subfield></datafield><datafield tag="650" ind1=" " ind2="3"><subfield code="a">lowland forests</subfield></datafield><datafield tag="650" ind1=" " ind2="3"><subfield code="a">tropical rain forests</subfield></datafield><datafield tag="650" ind1=" " ind2="3"><subfield code="a">soil nutrients</subfield></datafield><datafield tag="650" ind1=" " ind2="3"><subfield code="a">phosphorus</subfield></datafield><datafield tag="650" ind1=" " ind2="3"><subfield code="a">nutrient use efficiency</subfield></datafield><datafield tag="650" ind1=" " ind2="3"><subfield code="a">nutrient uptake</subfield></datafield><datafield tag="650" ind1=" " ind2="3"><subfield code="a">nutrient availability</subfield></datafield><datafield tag="651" ind1=" " ind2="3"><subfield code="a">Indonesia</subfield></datafield><datafield tag="700" ind1="1" ind2=" "><subfield code="a">Curran, Lisa M.</subfield><subfield code="e">author</subfield><subfield code="u">Yale School of Forestry and Environmental Studies, 205 Prospect Street, New Haven, Connecticut 06511 USA</subfield></datafield><datafield tag="700" ind1="1" ind2=" "><subfield code="a">Zak, Donald R.</subfield><subfield code="e">author</subfield></datafield><datafield tag="773" ind1="0" ind2=" "><subfield code="t">Ecology.</subfield><subfield code="g">2005 June, v. 86, no. 6 p.1548-1561</subfield><subfield code="d">Ecological Society of America</subfield><subfield code="x">0012-9658</subfield><subfield code="7">nnas</subfield></datafield><datafield tag="787" ind1="1" ind2=" "><subfield code="o">islandora_article_repository</subfield></datafield><datafield tag="787" ind1="1" ind2=" "><subfield code="o">product_pubag</subfield></datafield><datafield tag="787" ind1="1" ind2=" "><subfield code="o">(Journal)jnl46164</subfield></datafield><datafield tag="852" ind1=" " ind2=" "><subfield code="a">DNAL</subfield></datafield><datafield tag="856" ind1="4" ind2="0"><subfield code="u">http://dx.doi.org/10.1890/04-1126</subfield><subfield code="3">Available from publisher's site</subfield></datafield><datafield tag="912" ind1=" " ind2=" "><subfield code="a">Article</subfield></datafield><datafield tag="914" ind1=" " ind2=" "><subfield code="a">Journal:jnl46164</subfield></datafield><datafield tag="914" ind1=" " ind2=" "><subfield code="f">Ecology</subfield></datafield><datafield tag="917" ind1=" " ind2=" "><subfield code="a">issued</subfield></datafield><datafield tag="918" ind1="2" ind2=" "><subfield code="a">John Wiley &amp; Sons, Inc</subfield><subfield code="e">provider</subfield><subfield code="5">DNAL</subfield></datafield><datafield tag="935" ind1=" " ind2=" "><subfield code="a">IND43740629</subfield><subfield code="9">ExL</subfield></datafield><datafield tag="953" ind1=" " ind2=" "><subfield code="a">00129658_2005_86_6.xml</subfield></datafield><datafield tag="974" ind1=" " ind2=" "><subfield code="a">agid:1495896</subfield></datafield><datafield tag="983" ind1=" " ind2=" "><subfield code="a">2017-06-26</subfield></datafield><datafield tag="984" ind1=" " ind2=" "><subfield code="a">2017-06-26</subfield></datafield><datafield tag="986" ind1=" " ind2=" "><subfield code="a">3740629</subfield></datafield></record>