<record><leader>03829nab a2200649 u 4500</leader><controlfield tag="001">9915720779907426</controlfield><controlfield tag="005">20221119214054.0</controlfield><controlfield tag="008">961022e199605 enk|||||o|||||||||||eng||</controlfield><datafield tag="" ind1="7" ind2=" "><subfield code="a">IND20536563</subfield><subfield code="2">DNAL</subfield></datafield><datafield tag="024" ind1="7" ind2=" "><subfield code="a">10.1111/j.1365-2311.1996.tb01182.x</subfield><subfield code="2">doi</subfield></datafield><datafield tag="035" ind1=" " ind2=" "><subfield code="a">agid:1424071-01nal_inst</subfield></datafield><datafield tag="040" ind1=" " ind2=" "><subfield code="a">AGL</subfield><subfield code="b">eng</subfield><subfield code="c">AGL</subfield></datafield><datafield tag="100" ind1="1" ind2=" "><subfield code="a">Corbett, A.</subfield></datafield><datafield tag="245" ind1="1" ind2="0"><subfield code="a">Impact of a natural enemy overwintering refuge and its interaction with the surrounding landscape</subfield></datafield><datafield tag="300" ind1=" " ind2=" "><subfield code="a">p. 155-164.</subfield></datafield><datafield tag="500" ind1=" " ind2=" "><subfield code="a">2019-12-04</subfield></datafield><datafield tag="520" ind1=" " ind2=" "><subfield code="a">1. Egg parasitoids in the genus Anagrus (Hymenoptera: Mymaridae) are important mortality factors for grape leafhoppers (Erythroneura elegantula; Homoptera: Cicadellidae) in California vineyards, yet must overwinter in habitats external to these vineyards. Existing evidence suggests that French prune trees, which harbour the overwintering host Edwardsiana prunicola, planted adjacent to vineyards may enhance early-season abundance of Anagrus. 2. Anagrus overwintering in French prune tree refuges were labelled with the trace element rubidium in four separate experiments. Rubidium-labelled Anagrus were captured in adjacent vineyards in two of the experiments, confirming that French prune trees contribute to early-season Anagrus populations. Anagrus from refuges were captured at the most distant sampling positions, 100 m from refuges. 3. Use of rare element labelling has, for the first time, enabled the relative contribution of different sources to early-season colonization by this parasitoid to be quantified. Refuges contributed 1% and 34% of Anagrus colonizing two of the experimental vineyards, respectively. The remainder originated from overwintering habitats external to the French prune/vineyard system. 4. The spatial patterns of Anagrus originating from external overwintering habitats suggest that the French prune trees are generating a 'windbreak effect'. Anagrus dispersing within the windstream colonized vineyards at a higher-than-average rate immediately downwind of refuges. 5. The amount of colonization by Anagrus from external overwintering habitats was apparently related to the distance to presumed overwintering habitats. These findings demonstrate that both the number of natural enemies emerging from a refuge and the composition of the surrounding landscape are important in determining the impact of local, small-scale habitat manipulations.</subfield></datafield><datafield tag="593" ind1=" " ind2=" "><subfield code="a">PubAg article</subfield></datafield><datafield tag="650" ind1=" " ind2="3"><subfield code="a">rubidium</subfield></datafield><datafield tag="650" ind1=" " ind2="3"><subfield code="a">refuge habitats</subfield></datafield><datafield tag="650" ind1=" " ind2="3"><subfield code="a">parasitoids</subfield></datafield><datafield tag="650" ind1=" " ind2="3"><subfield code="a">overwintering</subfield></datafield><datafield tag="650" ind1=" " ind2="3"><subfield code="a">Anagrus</subfield></datafield><datafield tag="650" ind1=" " ind2="3"><subfield code="a">landscapes</subfield></datafield><datafield tag="650" ind1=" " ind2="3"><subfield code="a">spatial distribution</subfield></datafield><datafield tag="650" ind1=" " ind2="3"><subfield code="a">Prunus domestica</subfield></datafield><datafield tag="650" ind1=" " ind2="3"><subfield code="a">viticulture</subfield></datafield><datafield tag="650" ind1=" " ind2="3"><subfield code="a">population density</subfield></datafield><datafield tag="650" ind1=" " ind2="3"><subfield code="a">natural enemies</subfield></datafield><datafield tag="651" ind1=" " ind2="3"><subfield code="a">California</subfield></datafield><datafield tag="653" ind1=" " ind2="0"><subfield code="a">parasites</subfield></datafield><datafield tag="653" ind1=" " ind2="0"><subfield code="a">colonization</subfield></datafield><datafield tag="653" ind1=" " ind2="0"><subfield code="a">parasites of insect pests</subfield></datafield><datafield tag="653" ind1=" " ind2="0"><subfield code="a">markers</subfield></datafield><datafield tag="653" ind1=" " ind2="0"><subfield code="a">dispersal</subfield></datafield><datafield tag="653" ind1=" " ind2="0"><subfield code="a">agricultural landscape</subfield></datafield><datafield tag="653" ind1=" " ind2="0"><subfield code="a">habitats</subfield></datafield><datafield tag="700" ind1="1" ind2=" "><subfield code="a">Rosenheim, J.A.</subfield></datafield><datafield tag="773" ind1="0" ind2=" "><subfield code="t">Ecological entomology.</subfield><subfield code="g">1996 May, v. 21, no. 2 p.155-164</subfield><subfield code="x">0307-6946</subfield><subfield code="7">nnas</subfield></datafield><datafield tag="787" ind1="1" ind2=" "><subfield code="o">islandora_article_repository</subfield></datafield><datafield tag="787" ind1="1" ind2=" "><subfield code="o">product_pubag</subfield></datafield><datafield tag="787" ind1="1" ind2=" "><subfield code="o">(Journal)jnl7132</subfield></datafield><datafield tag="852" ind1=" " ind2=" "><subfield code="a">DNAL</subfield></datafield><datafield tag="856" ind1="4" ind2="0"><subfield code="u">http://dx.doi.org/10.1111/j.1365-2311.1996.tb01182.x</subfield><subfield code="3">Available from publisher's Web site</subfield></datafield><datafield tag="912" ind1=" " ind2=" "><subfield code="a">Article</subfield></datafield><datafield tag="914" ind1=" " ind2=" "><subfield code="a">Journal:jnl7132</subfield></datafield><datafield tag="914" ind1=" " ind2=" "><subfield code="f">Ecol. entomol</subfield></datafield><datafield tag="917" ind1=" " ind2=" "><subfield code="a">issued</subfield></datafield><datafield tag="930" ind1=" " ind2=" "><subfield code="a">19961101</subfield><subfield code="b">19961107</subfield><subfield code="c">00000000</subfield></datafield><datafield tag="935" ind1=" " ind2=" "><subfield code="a">IND20536563</subfield><subfield code="9">ExL</subfield></datafield><datafield tag="945" ind1=" " ind2=" "><subfield code="a">IND</subfield><subfield code="d">NZM</subfield></datafield><datafield tag="946" ind1=" " ind2=" "><subfield code="a">Non-US</subfield></datafield><datafield tag="952" ind1=" " ind2=" "><subfield code="a">19961101 19961107 00000000</subfield><subfield code="b">IND NZM </subfield></datafield><datafield tag="974" ind1=" " ind2=" "><subfield code="a">agid:1424071</subfield></datafield><datafield tag="984" ind1=" " ind2=" "><subfield code="a">2014-12-25</subfield></datafield><datafield tag="985" ind1=" " ind2=" "><subfield code="a">Converted from MARCXML to MODS version 3.4 using MARC21slim2MODS3-4.xsl (Revision 1.95 2014/04/23)</subfield></datafield><datafield tag="986" ind1=" " ind2=" "><subfield code="a">3183181</subfield></datafield></record>