<record><leader>02887nab a2200541 u 4500</leader><controlfield tag="001">9915721066907426</controlfield><controlfield tag="005">20221119214355.0</controlfield><controlfield tag="008">131213s2003 xx |||||o|||||||||||eng||</controlfield><datafield tag="" ind1="7" ind2=" "><subfield code="a">IND44749118</subfield><subfield code="2">DNAL</subfield></datafield><datafield tag="024" ind1="7" ind2=" "><subfield code="a">10.1006/jare.2002.1090</subfield><subfield code="2">doi</subfield></datafield><datafield tag="035" ind1=" " ind2=" "><subfield code="a">agid:648510-01nal_inst</subfield></datafield><datafield tag="040" ind1=" " ind2=" "><subfield code="a">AGL</subfield><subfield code="b">eng</subfield><subfield code="c">AGL</subfield></datafield><datafield tag="100" ind1="1" ind2=" "><subfield code="a">Caylor, K.K.</subfield></datafield><datafield tag="245" ind1="1" ind2="0"><subfield code="a">Tree spacing along the Kalahari transect in southern Africa</subfield></datafield><datafield tag="300" ind1=" " ind2=" "><subfield code="a">p. 281-296.</subfield></datafield><datafield tag="500" ind1=" " ind2=" "><subfield code="a">Includes references</subfield></datafield><datafield tag="520" ind1=" " ind2=" "><subfield code="a">Spatial pattern in tree distribution is examined at 10 sites along the IGBP Kalahari Transect in southern Africa in order to examine the patterns of community structure across a large average annual rainfall gradient. Analysis indicates aggregation among all individuals in the vegetation communities at most sites, with no occurrence of aggregation in individuals at the most southern arid site. The spatial distribution for the largest 25% of individuals is predominantly random. Uniform pattern is only observed in the distribution of canopy dominants at one site. A comparison between expected and observed densities of understory vegetation beneath large trees shows significant patterns at six of ten sites, with lower than expected values at both the northern and southernmost sites in the transect, and significantly higher than expected values at intermediate sites. Variation in the spatial distribution of understory individuals with respect to larger canopy individuals suggests that distribution of suitable regeneration sites and subsequent patterns of establishment may be critical phenomena in determining the spatial pattern of vegetation.</subfield></datafield><datafield tag="593" ind1=" " ind2=" "><subfield code="a">PubAg article</subfield></datafield><datafield tag="650" ind1=" " ind2="3"><subfield code="a">canopy</subfield></datafield><datafield tag="650" ind1=" " ind2="3"><subfield code="a">community structure</subfield></datafield><datafield tag="650" ind1=" " ind2="3"><subfield code="a">plant communities</subfield></datafield><datafield tag="650" ind1=" " ind2="3"><subfield code="a">rain</subfield></datafield><datafield tag="650" ind1=" " ind2="3"><subfield code="a">spatial distribution</subfield></datafield><datafield tag="650" ind1=" " ind2="3"><subfield code="a">trees</subfield></datafield><datafield tag="650" ind1=" " ind2="3"><subfield code="a">understory</subfield></datafield><datafield tag="650" ind1=" " ind2="3"><subfield code="a">vegetation</subfield></datafield><datafield tag="700" ind1="1" ind2=" "><subfield code="a">Shugart, H.H.</subfield></datafield><datafield tag="700" ind1="1" ind2=" "><subfield code="a">Dowty, P.R.</subfield></datafield><datafield tag="700" ind1="1" ind2=" "><subfield code="a">Smith, T.M.</subfield></datafield><datafield tag="773" ind1="0" ind2=" "><subfield code="t">Journal of arid environments.</subfield><subfield code="g">2003 June, v. 54, no. 2 p.281-296</subfield><subfield code="d">Academic Press</subfield><subfield code="x">0140-1963</subfield><subfield code="7">nnas</subfield></datafield><datafield tag="787" ind1="1" ind2=" "><subfield code="o">islandora_article_repository</subfield></datafield><datafield tag="787" ind1="1" ind2=" "><subfield code="o">product_pubag</subfield></datafield><datafield tag="787" ind1="1" ind2=" "><subfield code="o">(Journal)jnl11719</subfield></datafield><datafield tag="852" ind1=" " ind2=" "><subfield code="a">DNAL</subfield></datafield><datafield tag="856" ind1="4" ind2="0"><subfield code="u">http://dx.doi.org/10.1006/jare.2002.1090</subfield><subfield code="3">Available from publisher's Web site</subfield></datafield><datafield tag="912" ind1=" " ind2=" "><subfield code="a">Article</subfield></datafield><datafield tag="914" ind1=" " ind2=" "><subfield code="a">Journal:jnl11719</subfield><subfield code="b">0140-1963</subfield><subfield code="c">54</subfield><subfield code="d">2</subfield><subfield code="e">281</subfield></datafield><datafield tag="914" ind1=" " ind2=" "><subfield code="f">Journal of arid environments</subfield></datafield><datafield tag="917" ind1=" " ind2=" "><subfield code="a">issued</subfield></datafield><datafield tag="935" ind1=" " ind2=" "><subfield code="a">IND44749118</subfield><subfield code="9">ExL</subfield></datafield><datafield tag="949" ind1=" " ind2=" "><subfield code="a">2014-05-08</subfield></datafield><datafield tag="962" ind1=" " ind2=" "><subfield code="a">Batch:512 annotated on 2014-04-21T13:30:11Z</subfield></datafield><datafield tag="962" ind1=" " ind2=" "><subfield code="a">Batch:512 reviewed on 2014-05-08T04:00:02Z</subfield></datafield><datafield tag="962" ind1=" " ind2=" "><subfield code="a">Batch:512 reviewed on 2014-05-08T16:00:02Z</subfield></datafield><datafield tag="974" ind1=" " ind2=" "><subfield code="a">agid:648510</subfield></datafield><datafield tag="984" ind1=" " ind2=" "><subfield code="a">2013-12-13</subfield></datafield><datafield tag="985" ind1=" " ind2=" "><subfield code="a">Converted from MARCXML to MODS version 3.4 using MARC21slim2MODS3-4.xsl (Revision 1.94 2014/02/21)</subfield></datafield><datafield tag="986" ind1=" " ind2=" "><subfield code="a">4749118</subfield></datafield></record>