<record><leader>04721nab a2200589 u 4500</leader><controlfield tag="001">9915721565807426</controlfield><controlfield tag="005">20221120080711.0</controlfield><controlfield tag="008">200908e202008 xx |||||o|||||||||||eng||</controlfield><datafield tag="" ind1="7" ind2=" "><subfield code="a">IND607095968</subfield><subfield code="2">DNAL</subfield></datafield><datafield tag="024" ind1="7" ind2=" "><subfield code="a">10.1111/mec.15537</subfield><subfield code="2">doi</subfield></datafield><datafield tag="035" ind1=" " ind2=" "><subfield code="a">agid:7095968-01nal_inst</subfield></datafield><datafield tag="040" ind1=" " ind2=" "><subfield code="a">AGL</subfield><subfield code="b">eng</subfield><subfield code="c">AGL</subfield></datafield><datafield tag="100" ind1="1" ind2=" "><subfield code="a">Walters, Sheree J.</subfield><subfield code="e">author</subfield><subfield code="u">ARC Centre for Mine Site Restoration, School of Molecular and Life Sciences, Curtin University, Perth, Western Australia, Australia</subfield><subfield code="1">https://orcid.org/0000-0001-6295-8853</subfield></datafield><datafield tag="245" ind1="1" ind2="0"><subfield code="a">Contrasting patterns of local adaptation along climatic gradients between a sympatric parasitic and autotrophic tree species</subfield></datafield><datafield tag="300" ind1=" " ind2=" "><subfield code="a">p. 3022-3037.</subfield></datafield><datafield tag="500" ind1=" " ind2=" "><subfield code="a">NAL-AP-2-clean</subfield></datafield><datafield tag="500" ind1=" " ind2=" "><subfield code="a">JOURNAL ARTICLE</subfield></datafield><datafield tag="520" ind1=" " ind2=" "><subfield code="a">Sympatric tree species are subject to similar climatic drivers, posing a question as to whether they display comparable adaptive responses. However, no study has explicitly examined local adaptation of co‐occurring parasitic and autotrophic plant species to the abiotic environment. Here we test the hypotheses that a generalist parasitic tree would display a weaker signal of selection and that genomic variation would associate with fewer climatic variables (particularly precipitation) but have similar spatial patterns to a sympatric autotrophic tree species. To test these hypotheses, we collected samples from 17 sites across the range of two tree species, the hemiparasite Nuytsia floribunda (n = 264) and sympatric autotroph Melaleuca rhaphiophylla (n = 272). We obtained 5,531 high‐quality genome‐wide single nucleotide polymorphisms (SNPs) for M. rhaphiophylla and 6,727 SNPs for N. floribunda using DArTseq genome scan technology. Population differentiation and environmental association approaches were used to identify signals of selection. Generalized dissimilarly modelling was used to detect climatic and spatial patterns of local adaptation across climatic gradients. Overall, 322 SNPs were identified as putatively adaptive for the autotroph, while only 57 SNPs were identified for the parasitic species. We found genomic variation to associate with different sets of bioclimatic variables for each species, with precipitation relatively less important for the parasite. Spatial patterns of predicted adaptive variability were different and indicate that co‐occurring species with disparate life history traits may not respond equally to selective pressures (i.e., temperature and precipitation). Together, these findings provide insight into local adaptation of sympatric parasitic and autotrophic tree species to abiotic environments.</subfield></datafield><datafield tag="592" ind1=" " ind2=" "><subfield code="a">Publisher supplied data</subfield></datafield><datafield tag="593" ind1=" " ind2=" "><subfield code="a">PubAg article</subfield></datafield><datafield tag="596" ind1=" " ind2=" "><subfield code="a">ICI150100041</subfield><subfield code="c">Australian Research Council</subfield></datafield><datafield tag="650" ind1=" " ind2="3"><subfield code="a">Melaleuca</subfield></datafield><datafield tag="650" ind1=" " ind2="3"><subfield code="a">genetic variation</subfield></datafield><datafield tag="650" ind1=" " ind2="3"><subfield code="a">genome</subfield></datafield><datafield tag="650" ind1=" " ind2="3"><subfield code="a">life history</subfield></datafield><datafield tag="650" ind1=" " ind2="3"><subfield code="a">parasites</subfield></datafield><datafield tag="650" ind1=" " ind2="3"><subfield code="a">sympatry</subfield></datafield><datafield tag="650" ind1=" " ind2="3"><subfield code="a">temperature</subfield></datafield><datafield tag="650" ind1=" " ind2="3"><subfield code="a">trees</subfield></datafield><datafield tag="700" ind1="1" ind2=" "><subfield code="a">Robinson, Todd P.</subfield><subfield code="e">author</subfield><subfield code="u">School of Earth and Planetary Science, Curtin University, Perth, Western Australia, Australia</subfield><subfield code="1">https://orcid.org/0000-0003-3314-3748</subfield></datafield><datafield tag="700" ind1="1" ind2=" "><subfield code="a">Byrne, Margaret</subfield><subfield code="e">author</subfield><subfield code="u">Biodiversity and Conservation Science, Department of Biodiversity, Conservation and Attractions, Perth, Western Australia, Australia</subfield><subfield code="1">https://orcid.org/0000-0002-7197-5409</subfield></datafield><datafield tag="700" ind1="1" ind2=" "><subfield code="a">Wardell‐Johnson, Grant W.</subfield><subfield code="e">author</subfield><subfield code="u">ARC Centre for Mine Site Restoration, School of Molecular and Life Sciences, Curtin University, Perth, Western Australia, Australia</subfield><subfield code="1">https://orcid.org/0000-0002-6751-9224</subfield></datafield><datafield tag="700" ind1="1" ind2=" "><subfield code="a">Nevill, Paul</subfield><subfield code="e">author</subfield><subfield code="u">ARC Centre for Mine Site Restoration, School of Molecular and Life Sciences, Curtin University, Perth, Western Australia, Australia</subfield><subfield code="1">https://orcid.org/0000-0001-8238-0534</subfield></datafield><datafield tag="773" ind1="0" ind2=" "><subfield code="t">Molecular ecology.</subfield><subfield code="g">2020 Aug., v. 29, no. 16 p.3022-3037</subfield><subfield code="d">John Wiley &amp; Sons, Ltd</subfield><subfield code="w">Journal:jnl48811</subfield><subfield code="x">0962-1083</subfield><subfield code="7">nnas</subfield></datafield><datafield tag="787" ind1="1" ind2=" "><subfield code="o">islandora_article_repository</subfield></datafield><datafield tag="787" ind1="1" ind2=" "><subfield code="o">product_pubag</subfield></datafield><datafield tag="787" ind1="1" ind2=" "><subfield code="o">(Journal)jnl48811</subfield></datafield><datafield tag="856" ind1="4" ind2="0"><subfield code="u">http://dx.doi.org/10.1111/mec.15537</subfield><subfield code="3">Available from publisher's site</subfield></datafield><datafield tag="912" ind1=" " ind2=" "><subfield code="a">Article</subfield></datafield><datafield tag="914" ind1=" " ind2=" "><subfield code="a">Journal:jnl48811</subfield><subfield code="b">0962-1083</subfield><subfield code="c">29</subfield><subfield code="d">16</subfield><subfield code="e">3022</subfield></datafield><datafield tag="914" ind1=" " ind2=" "><subfield code="f">Molecular ecology</subfield></datafield><datafield tag="916" ind1=" " ind2=" "><subfield code="a">Batch:10130</subfield></datafield><datafield tag="917" ind1=" " ind2=" "><subfield code="a">issued</subfield></datafield><datafield tag="918" ind1="2" ind2=" "><subfield code="a">John Wiley &amp; Sons, Inc</subfield><subfield code="e">provider</subfield><subfield code="5">DNAL</subfield></datafield><datafield tag="935" ind1=" " ind2=" "><subfield code="a">IND607095968</subfield><subfield code="9">ExL</subfield></datafield><datafield tag="949" ind1=" " ind2=" "><subfield code="a">2021-09-14</subfield></datafield><datafield tag="953" ind1=" " ind2=" "><subfield code="a">/data/metadata/incoming/wiley/09621083_2020_29_16.xml</subfield></datafield><datafield tag="954" ind1=" " ind2=" "><subfield code="a">file:/data/metadata/staging/wiley/09621083_2020_29_16.xml</subfield></datafield><datafield tag="955" ind1=" " ind2=" "><subfield code="a">/data/metadata/staging/wiley/</subfield></datafield><datafield tag="974" ind1=" " ind2=" "><subfield code="a">agid:7095968</subfield></datafield><datafield tag="983" ind1=" " ind2=" "><subfield code="a">2020-09-08</subfield></datafield><datafield tag="984" ind1=" " ind2=" "><subfield code="a">2021-09-14</subfield></datafield></record>