<record><leader>05978nab a2200841 u 4500</leader><controlfield tag="001">9915721643607426</controlfield><controlfield tag="005">20221120152300.0</controlfield><controlfield tag="008">190411e201902 xx |||||o|||||||||||eng||</controlfield><datafield tag="" ind1="7" ind2=" "><subfield code="a">IND606298160</subfield><subfield code="2">DNAL</subfield></datafield><datafield tag="024" ind1="7" ind2=" "><subfield code="a">10.1/j.actao.2019.01.005</subfield><subfield code="2">doi</subfield></datafield><datafield tag="035" ind1=" " ind2=" "><subfield code="a">agid:6298160-01nal_inst</subfield></datafield><datafield tag="040" ind1=" " ind2=" "><subfield code="a">AGL</subfield><subfield code="b">eng</subfield><subfield code="c">AGL</subfield></datafield><datafield tag="100" ind1="1" ind2=" "><subfield code="a">García-Núñez, Carlos</subfield><subfield code="e">author</subfield></datafield><datafield tag="245" ind1="1" ind2="0"><subfield code="a">Seasonal patterns of gas exchange and water relations in juveniles of two Neotropical savanna tree species differing in leaf phenology</subfield></datafield><datafield tag="300" ind1=" " ind2=" "><subfield code="a">p. 57-67.</subfield></datafield><datafield tag="520" ind1=" " ind2=" "><subfield code="a">Ecophysiological studies on Neotropical savanna trees have shown that there is a resistance gradient of seasonal water stress in deciduous and evergreen species. Some species perform like drought avoiders, characterized by high transpiration rates during the wet season that can be sustained by evergreen deep rooted species during the dry season. Nevertheless, water deficit in superficial soil layers, fire damages and nutritional requirements could differentially affect juveniles of both phenological types determining their spatial patterns of distribution (evergreen species sparse in open grasslands and deciduous species gathered in groves). This study examined seasonal variations in water relations and photosynthesis in juveniles of two tree species differing in leaf phenology: Curatella americana (evergreen) and Cochlospermum vitifolium (deciduous). We wanted to test the hypothesis that the improved ability of evergreen deep rooted species like C. americana to colonize open savannas is related to drought tolerance and a conservative gas exchange pattern in juveniles that photosynthesize even during the dry season, while one might expect a water spender and avoider character in propagules of deciduous species like C. vitifolium that are active mostly during the rainy season. The studied species showed high transpiration rates during the rainy period, indicating little water availability limitations on surface soil layers. Even so, both species exhibited a distinctive decrease in stomatal conductance towards the end of the rainy season, an indication of water availability restrictions and/or a response to higher air evaporative demands in the shallow rooted juveniles. At the peak of the dry season, C. americana presented comparable transpiration rates with wet season measurements, indicating that the studied juveniles had reached more permanent (or stable) water sources at soil depths of 30 cm (approximate maximum root lengths measured). Yet, C. americana showed a significant decrease in water potentials from wet to dry seasons, and osmotic adjustment as a drought tolerance mechanism. Overall, the evergreen functional type (juvenile plants of C. americana) showed tolerance to water deficit, maintaining functional leaves in the dry season. On the other hand, in absence of a water deficit, juveniles of C. vitifolium showed higher photosynthetic rates that could be translated into high growth rates in wet habitats. However, the low water deficit tolerance of the juveniles of C. vitifolium seems to be the main handicap for its colonization potential of the open savanna environment. In conclusion, as predicted, the greater tolerance to water deficit of the evergreen studied species suggests that resistance to water stress determines the observed distribution pattern of tree species in the study area, where only the evergreen ones colonize the open savanna, acting in its adult stages as a focus for the recruitment of woody species.</subfield></datafield><datafield tag="592" ind1=" " ind2=" "><subfield code="a">Publisher supplied data</subfield></datafield><datafield tag="593" ind1=" " ind2=" "><subfield code="a">PubAg article</subfield></datafield><datafield tag="650" ind1=" " ind2="3"><subfield code="a">Cochlospermum</subfield></datafield><datafield tag="650" ind1=" " ind2="3"><subfield code="a">Curatella americana</subfield></datafield><datafield tag="650" ind1=" " ind2="3"><subfield code="a">adults</subfield></datafield><datafield tag="650" ind1=" " ind2="3"><subfield code="a">air</subfield></datafield><datafield tag="650" ind1=" " ind2="3"><subfield code="a">drought</subfield></datafield><datafield tag="650" ind1=" " ind2="3"><subfield code="a">drought tolerance</subfield></datafield><datafield tag="650" ind1=" " ind2="3"><subfield code="a">dry season</subfield></datafield><datafield tag="650" ind1=" " ind2="3"><subfield code="a">ecophysiology</subfield></datafield><datafield tag="650" ind1=" " ind2="3"><subfield code="a">evergreen trees</subfield></datafield><datafield tag="650" ind1=" " ind2="3"><subfield code="a">fire damage</subfield></datafield><datafield tag="650" ind1=" " ind2="3"><subfield code="a">gas exchange</subfield></datafield><datafield tag="650" ind1=" " ind2="3"><subfield code="a">grasslands</subfield></datafield><datafield tag="650" ind1=" " ind2="3"><subfield code="a">groves</subfield></datafield><datafield tag="650" ind1=" " ind2="3"><subfield code="a">habitats</subfield></datafield><datafield tag="650" ind1=" " ind2="3"><subfield code="a">juveniles</subfield></datafield><datafield tag="650" ind1=" " ind2="3"><subfield code="a">leaves</subfield></datafield><datafield tag="650" ind1=" " ind2="3"><subfield code="a">nutrient requirements</subfield></datafield><datafield tag="650" ind1=" " ind2="3"><subfield code="a">phenology</subfield></datafield><datafield tag="650" ind1=" " ind2="3"><subfield code="a">photosynthesis</subfield></datafield><datafield tag="650" ind1=" " ind2="3"><subfield code="a">savannas</subfield></datafield><datafield tag="650" ind1=" " ind2="3"><subfield code="a">seasonal variation</subfield></datafield><datafield tag="650" ind1=" " ind2="3"><subfield code="a">soil depth</subfield></datafield><datafield tag="650" ind1=" " ind2="3"><subfield code="a">soil surface layers</subfield></datafield><datafield tag="650" ind1=" " ind2="3"><subfield code="a">stomatal conductance</subfield></datafield><datafield tag="650" ind1=" " ind2="3"><subfield code="a">water stress</subfield></datafield><datafield tag="650" ind1=" " ind2="3"><subfield code="a">wet season</subfield></datafield><datafield tag="650" ind1=" " ind2="3"><subfield code="a">woody plants</subfield></datafield><datafield tag="653" ind1=" " ind2="0"><subfield code="a">Curatella americana</subfield></datafield><datafield tag="653" ind1=" " ind2="0"><subfield code="a">Cochlospermum vitifolium</subfield></datafield><datafield tag="653" ind1=" " ind2="0"><subfield code="a">Photosynthesis</subfield></datafield><datafield tag="653" ind1=" " ind2="0"><subfield code="a">Stomatal conductance</subfield></datafield><datafield tag="653" ind1=" " ind2="0"><subfield code="a">Water stress</subfield></datafield><datafield tag="653" ind1=" " ind2="0"><subfield code="a">Water use efficiency</subfield></datafield><datafield tag="700" ind1="1" ind2=" "><subfield code="a">Pirela, Miguel</subfield><subfield code="e">author</subfield><subfield code="u">Instituto de Ciencias Ambientales y Ecológicas, Facultad de Ciencias, Universidad de Los Andes, Mérida 5101, Venezuela</subfield><subfield code="1">https://orcid.org/0000-0003-3248-3003</subfield></datafield><datafield tag="700" ind1="1" ind2=" "><subfield code="a">Fariñas, Mario</subfield><subfield code="e">author</subfield><subfield code="u">Instituto de Ciencias Ambientales y Ecológicas, Facultad de Ciencias, Universidad de Los Andes, Mérida 5101, Venezuela</subfield></datafield><datafield tag="700" ind1="1" ind2=" "><subfield code="a">Azócar, Aura</subfield><subfield code="e">author</subfield><subfield code="u">Instituto de Ciencias Ambientales y Ecológicas, Facultad de Ciencias, Universidad de Los Andes, Mérida 5101, Venezuela</subfield></datafield><datafield tag="773" ind1="0" ind2=" "><subfield code="t">Acta oecologica.</subfield><subfield code="g">2019 Feb., v. 95 p.57-67</subfield><subfield code="d">Elsevier Masson SAS</subfield><subfield code="w">Journal:2127</subfield><subfield code="x">1146-609X</subfield><subfield code="7">nnas</subfield></datafield><datafield tag="787" ind1="1" ind2=" "><subfield code="o">islandora_article_repository</subfield></datafield><datafield tag="787" ind1="1" ind2=" "><subfield code="o">product_pubag</subfield></datafield><datafield tag="787" ind1="1" ind2=" "><subfield code="o">(Journal)2127</subfield></datafield><datafield tag="856" ind1="4" ind2="0"><subfield code="u">http://dx.doi.org/10.1/j.actao.2019.01.005</subfield><subfield code="3">Available from publisher's site</subfield></datafield><datafield tag="912" ind1=" " ind2=" "><subfield code="a">Article</subfield></datafield><datafield tag="914" ind1=" " ind2=" "><subfield code="a">Journal:2127</subfield><subfield code="b">1146-609X</subfield><subfield code="c">95</subfield><subfield code="e">57</subfield></datafield><datafield tag="914" ind1=" " ind2=" "><subfield code="f">Acta oecologica</subfield></datafield><datafield tag="916" ind1=" " ind2=" "><subfield code="a">Batch:2159</subfield></datafield><datafield tag="917" ind1=" " ind2=" "><subfield code="a">issued</subfield></datafield><datafield tag="918" ind1="2" ind2=" "><subfield code="a">Elsevier Consyn</subfield><subfield code="e">provider</subfield><subfield code="5">DNAL</subfield></datafield><datafield tag="935" ind1=" " ind2=" "><subfield code="a">IND606298160</subfield><subfield code="9">ExL</subfield></datafield><datafield tag="949" ind1=" " ind2=" "><subfield code="a">2019-04-11</subfield></datafield><datafield tag="953" ind1=" " ind2=" "><subfield code="a" >/data/metadata/incoming/consyn-backfiles/46-2-00095-HEAD-ONLY.zip</subfield></datafield><datafield tag="954" ind1=" " ind2=" "><subfield code="a" >file:/data/metadata/staging/consyn-backfiles/S1146609X17301121.xml</subfield></datafield><datafield tag="955" ind1=" " ind2=" "><subfield code="a">/data/metadata/staging/consyn-backfiles/</subfield></datafield><datafield tag="974" ind1=" " ind2=" "><subfield code="a">agid:6298160</subfield></datafield><datafield tag="983" ind1=" " ind2=" "><subfield code="a">2019-04-11</subfield></datafield><datafield tag="984" ind1=" " ind2=" "><subfield code="a">2019-05-04</subfield></datafield></record>