<record><leader>01570nab a2200529 u 4500</leader><controlfield tag="001">9915721752307426</controlfield><controlfield tag="005">20221121030210.0</controlfield><controlfield tag="008">010924s1999 ne |||||o|||||||||||eng||</controlfield><datafield tag="" ind1="7" ind2=" "><subfield code="a">IND23232287</subfield><subfield code="2">DNAL</subfield></datafield><datafield tag="035" ind1=" " ind2=" "><subfield code="a">agid:3013270-01nal_inst</subfield></datafield><datafield tag="040" ind1=" " ind2=" "><subfield code="a">AGL</subfield><subfield code="b">eng</subfield><subfield code="c">AGL</subfield></datafield><datafield tag="100" ind1="1" ind2=" "><subfield code="a">Seiter, S.</subfield></datafield><datafield tag="245" ind1="1" ind2="0"><subfield code="a">Crop yield and tree-leaf production in three planting patterns of temperate-zone alley cropping in Oregon, USA</subfield></datafield><datafield tag="300" ind1=" " ind2=" "><subfield code="a">p. 273-288.</subfield></datafield><datafield tag="650" ind1=" " ind2="3"><subfield code="a">Alnus rubra</subfield></datafield><datafield tag="650" ind1=" " ind2="3"><subfield code="a">Robinia pseudoacacia</subfield></datafield><datafield tag="650" ind1=" " ind2="3"><subfield code="a">alley cropping</subfield></datafield><datafield tag="650" ind1=" " ind2="3"><subfield code="a">crop yield</subfield></datafield><datafield tag="650" ind1=" " ind2="3"><subfield code="a">spatial distribution</subfield></datafield><datafield tag="650" ind1=" " ind2="3"><subfield code="a">plant competition</subfield></datafield><datafield tag="650" ind1=" " ind2="3"><subfield code="a">row spacing</subfield></datafield><datafield tag="650" ind1=" " ind2="3"><subfield code="a">coppicing</subfield></datafield><datafield tag="650" ind1=" " ind2="3"><subfield code="a">green manures</subfield></datafield><datafield tag="650" ind1=" " ind2="3"><subfield code="a">soil organic matter</subfield></datafield><datafield tag="650" ind1=" " ind2="3"><subfield code="a">plant litter</subfield></datafield><datafield tag="651" ind1=" " ind2="3"><subfield code="a">Oregon</subfield></datafield><datafield tag="653" ind1=" " ind2="0"><subfield code="a">yield losses</subfield></datafield><datafield tag="653" ind1=" " ind2="0"><subfield code="a">patterns</subfield></datafield><datafield tag="700" ind1="1" ind2=" "><subfield code="a">William, R.D.</subfield></datafield><datafield tag="700" ind1="1" ind2=" "><subfield code="a">Hibbs, D.E.</subfield></datafield><datafield tag="773" ind1="0" ind2=" "><subfield code="t">Agroforestry systems.</subfield><subfield code="g">1999, v. 46, no. 3 p.273-288</subfield><subfield code="x">7-4366</subfield><subfield code="7">nnas</subfield></datafield><datafield tag="787" ind1="1" ind2=" "><subfield code="o">islandora_article_repository</subfield></datafield><datafield tag="787" ind1="1" ind2=" "><subfield code="o">(Journal)jnl34245</subfield></datafield><datafield tag="852" ind1=" " ind2=" "><subfield code="a">DNAL</subfield></datafield><datafield tag="912" ind1=" " ind2=" "><subfield code="a">Article</subfield></datafield><datafield tag="914" ind1=" " ind2=" "><subfield code="a">Journal:jnl34245</subfield></datafield><datafield tag="914" ind1=" " ind2=" "><subfield code="f">Agrofor. syst</subfield></datafield><datafield tag="917" ind1=" " ind2=" "><subfield code="a">issued</subfield></datafield><datafield tag="930" ind1=" " ind2=" "><subfield code="a">20010929</subfield><subfield code="b">20011005</subfield><subfield code="c">00000000</subfield></datafield><datafield tag="935" ind1=" " ind2=" "><subfield code="a">IND23232287</subfield><subfield code="9">ExL</subfield></datafield><datafield tag="945" ind1=" " ind2=" "><subfield code="a">IND</subfield><subfield code="d">CTR</subfield></datafield><datafield tag="946" ind1=" " ind2=" "><subfield code="a">Non-US</subfield></datafield><datafield tag="952" ind1=" " ind2=" "><subfield code="a">20010929 20011005 00000000</subfield><subfield code="b">IND CTR </subfield></datafield><datafield tag="974" ind1=" " ind2=" "><subfield code="a">agid:3013270</subfield></datafield><datafield tag="984" ind1=" " ind2=" "><subfield code="a">2014-12-22</subfield></datafield><datafield tag="985" ind1=" " ind2=" "><subfield code="a">Converted from MARCXML to MODS version 3.4 using MARC21slim2MODS3-4.xsl (Revision 1.95 2014/04/23)</subfield></datafield><datafield tag="986" ind1=" " ind2=" "><subfield code="a">3499719</subfield></datafield></record>