<record><leader>03510nab a2200577 u 4500</leader><controlfield tag="001">9915722035207426</controlfield><controlfield tag="005">20221120142340.0</controlfield><controlfield tag="008">190411e201802 xx |||||o|||||||||||eng||</controlfield><datafield tag="" ind1="7" ind2=" "><subfield code="a">IND605912707</subfield><subfield code="2">DNAL</subfield></datafield><datafield tag="024" ind1="7" ind2=" "><subfield code="a">10.1/j.dendro.2017.12.003</subfield><subfield code="2">doi</subfield></datafield><datafield tag="035" ind1=" " ind2=" "><subfield code="a">agid:5912707-01nal_inst</subfield></datafield><datafield tag="040" ind1=" " ind2=" "><subfield code="a">AGL</subfield><subfield code="b">eng</subfield><subfield code="c">AGL</subfield></datafield><datafield tag="100" ind1="1" ind2=" "><subfield code="a">Alday, Josu G.</subfield><subfield code="e">author</subfield><subfield code="u">Department of Crop and Forest Sciences—AGROTECNIO Center, University of Lleida, Avda. Alcalde Rovira Roure 191, E-25198 Lleida, Spain</subfield></datafield><datafield tag="245" ind1="1" ind2="0"><subfield code="a">DendroSync: An R package to unravel synchrony patterns in tree-ring networks</subfield></datafield><datafield tag="300" ind1=" " ind2=" "><subfield code="a">p. 17-22.</subfield></datafield><datafield tag="520" ind1=" " ind2=" "><subfield code="a">Spatial synchrony refers to the presence of a common signal for a time-varying characteristic that, in dendrosciences, is shared among tree-ring chronologies from a particular area. Analysis and interpretation of synchrony patterns in tree-ring networks is currently limited by: (i) the requirement for flexible modelling of complex correlations and heteroscedastic errors and (ii) the availability of ready-to-use open software to fulfil this task. We present an R package (DendroSync) that facilitates estimating and plotting synchrony patterns for pre-defined groups. The package has been devised to work with traits derived from tree rings (e.g. ring-width), but other data types are also suitable. It combines variance-covariance mixed modelling with functions that quantify the degree to which tree-ring chronologies contain a common signal over a fixed time period. It also estimates temporal changes in synchrony using a moving window algorithm. The functionality and usage of DendroSync are illustrated using a simple example.</subfield></datafield><datafield tag="592" ind1=" " ind2=" "><subfield code="a">Publisher supplied data</subfield></datafield><datafield tag="593" ind1=" " ind2=" "><subfield code="a">PubAg article</subfield></datafield><datafield tag="650" ind1=" " ind2="3"><subfield code="a">algorithms</subfield></datafield><datafield tag="650" ind1=" " ind2="3"><subfield code="a">computer software</subfield></datafield><datafield tag="650" ind1=" " ind2="3"><subfield code="a">dendrochronology</subfield></datafield><datafield tag="650" ind1=" " ind2="3"><subfield code="a">growth rings</subfield></datafield><datafield tag="650" ind1=" " ind2="3"><subfield code="a">heteroskedasticity</subfield></datafield><datafield tag="650" ind1=" " ind2="3"><subfield code="a">models</subfield></datafield><datafield tag="650" ind1=" " ind2="3"><subfield code="a">temporal variation</subfield></datafield><datafield tag="653" ind1=" " ind2="0"><subfield code="a">Dendrochronology</subfield></datafield><datafield tag="653" ind1=" " ind2="0"><subfield code="a">Mixed models</subfield></datafield><datafield tag="653" ind1=" " ind2="0"><subfield code="a">Spatial synchrony</subfield></datafield><datafield tag="653" ind1=" " ind2="0"><subfield code="a">Tree-ring networks</subfield></datafield><datafield tag="700" ind1="1" ind2=" "><subfield code="a">Shestakova, Tatiana A.</subfield><subfield code="e">author</subfield><subfield code="u">Department of Crop and Forest Sciences—AGROTECNIO Center, University of Lleida, Avda. Alcalde Rovira Roure 191, E-25198 Lleida, Spain</subfield></datafield><datafield tag="700" ind1="1" ind2=" "><subfield code="a">Resco de Dios, Víctor</subfield><subfield code="e">author</subfield><subfield code="u">Department of Crop and Forest Sciences—AGROTECNIO Center, University of Lleida, Avda. Alcalde Rovira Roure 191, E-25198 Lleida, Spain</subfield></datafield><datafield tag="700" ind1="1" ind2=" "><subfield code="a">Voltas, Jordi</subfield><subfield code="e">author</subfield><subfield code="u">Department of Crop and Forest Sciences—AGROTECNIO Center, University of Lleida, Avda. Alcalde Rovira Roure 191, E-25198 Lleida, Spain</subfield></datafield><datafield tag="773" ind1="0" ind2=" "><subfield code="t">Dendrochronologia.</subfield><subfield code="g">2018 Feb., v. 47 p.17-22</subfield><subfield code="d">Elsevier GmbH</subfield><subfield code="w">Journal:jnl71157</subfield><subfield code="x">1125-7865</subfield><subfield code="7">nnas</subfield></datafield><datafield tag="787" ind1="1" ind2=" "><subfield code="o">islandora_article_repository</subfield></datafield><datafield tag="787" ind1="1" ind2=" "><subfield code="o">product_pubag</subfield></datafield><datafield tag="787" ind1="1" ind2=" "><subfield code="o">(Journal)jnl71157</subfield></datafield><datafield tag="856" ind1="4" ind2="0"><subfield code="u">https://dx.doi.org/10.1/j.dendro.2017.12.003</subfield><subfield code="3">Available from publisher's site</subfield></datafield><datafield tag="912" ind1=" " ind2=" "><subfield code="a">Article</subfield></datafield><datafield tag="914" ind1=" " ind2=" "><subfield code="a">Journal:jnl71157</subfield><subfield code="b">1125-7865</subfield><subfield code="c">47</subfield><subfield code="e">17</subfield></datafield><datafield tag="914" ind1=" " ind2=" "><subfield code="f">Dendrochronologia</subfield></datafield><datafield tag="916" ind1=" " ind2=" "><subfield code="a">Batch:1974</subfield></datafield><datafield tag="917" ind1=" " ind2=" "><subfield code="a">issued</subfield></datafield><datafield tag="918" ind1="2" ind2=" "><subfield code="a">Elsevier Consyn</subfield><subfield code="e">provider</subfield><subfield code="5">DNAL</subfield></datafield><datafield tag="935" ind1=" " ind2=" "><subfield code="a">IND605912707</subfield><subfield code="9">ExL</subfield></datafield><datafield tag="949" ind1=" " ind2=" "><subfield code="a">2019-04-11</subfield></datafield><datafield tag="953" ind1=" " ind2=" "><subfield code="a" >/data/metadata/incoming/consyn-backfiles/46-2-00094-HEAD-ONLY.zip</subfield></datafield><datafield tag="954" ind1=" " ind2=" "><subfield code="a" >file:/data/metadata/staging/consyn-backfiles/S1125786517301212.xml</subfield></datafield><datafield tag="955" ind1=" " ind2=" "><subfield code="a">/data/metadata/staging/consyn-backfiles/</subfield></datafield><datafield tag="974" ind1=" " ind2=" "><subfield code="a">agid:5912707</subfield></datafield><datafield tag="983" ind1=" " ind2=" "><subfield code="a">2019-04-11</subfield></datafield><datafield tag="984" ind1=" " ind2=" "><subfield code="a">2019-04-11</subfield></datafield></record>