<record><leader>06389nab a2200817 u 4500</leader><controlfield tag="001">9915722220207426</controlfield><controlfield tag="005">20221121144215.0</controlfield><controlfield tag="008">190509e201907 xx |||||o|||||||||||eng||</controlfield><datafield tag="" ind1="7" ind2=" "><subfield code="a">IND606357884</subfield><subfield code="2">DNAL</subfield></datafield><datafield tag="024" ind1="7" ind2=" "><subfield code="a">10.1/j.rse.2019.03.031</subfield><subfield code="2">doi</subfield></datafield><datafield tag="035" ind1=" " ind2=" "><subfield code="a">agid:6357884-01nal_inst</subfield></datafield><datafield tag="040" ind1=" " ind2=" "><subfield code="a">AGL</subfield><subfield code="b">eng</subfield><subfield code="c">AGL</subfield></datafield><datafield tag="100" ind1="1" ind2=" "><subfield code="a">Bogan, Stacy A.</subfield><subfield code="e">author</subfield><subfield code="u">Center for Geographic Analysis, Harvard University, 1737 Cambridge Street, Cambridge, MA 02138, USA</subfield></datafield><datafield tag="245" ind1="1" ind2="0"><subfield code="a">Imaging spectrometry-derived estimates of regional ecosystem composition for the Sierra Nevada, California</subfield></datafield><datafield tag="300" ind1=" " ind2=" "><subfield code="a">p. 14-30.</subfield></datafield><datafield tag="520" ind1=" " ind2=" "><subfield code="a">The composition of the plant canopy is a key attribute of terrestrial ecosystems, influencing the fluxes of carbon, water, and energy between the land surface and the atmosphere. Terrestrial ecosystem and biosphere models, which are used to predict how ecosystems are expected to respond to changes in climate, atmospheric CO2, and land-use change, require accurate representations of plant canopy composition at large spatial scales. The ability to accurately specify plant canopy composition is important because it determines the physiological and ecological properties of plants (such as leaf photosynthetic capacity, patterns of plant carbon allocation and tissue turnover, and the resulting dynamics of plant demography) that govern the biophysical and biogeochemical functioning of ecosystems. Traditionally, plant canopy composition has been represented in a coarse-grained manner within terrestrial biosphere models, with ecosystems being comprised of a single plant functional type (PFT). However, models are increasingly seeking to represent fine-scale spatial variation in plant functional diversity. In this study, we show how imaging spectrometry measurements can provide spatially-comprehensive estimates of within-biome heterogeneity in PFT composition across a functionally diverse and topographically heterogeneous ~710 km2 area in the Southern Sierra Mountains of California. AVIRIS (Airborne Visible Infrared Imaging Spectrometer) data at 18 m resolution from the recent HyspIRI Preparatory Mission (Hyperspectral InfraRed Imager) were used to estimate the sub-pixel fractions of seven PFTs represented in the ED2 terrestrial biosphere model: Shrub, Oak, Western Hardwood, Western Pine, Cedar/Fir, and High-elevation Pine, plus a Grass/NPV (Non-Photosynthetic Vegetation) fraction using Multiple Endmember Spectral Mixture Analysis (MESMA). ED2 is an individual-based terrestrial biosphere model capable of representing fine-scale sub-pixel ecosystem heterogeneity. Our results show that this methodology captures important elevation-related shifts in canopy composition that occur within the study area that are not resolved by existing multi-spectral land-cover products. These estimates modestly improved when the putative PFT endmembers considered in the mixture analysis were constrained using available geospatial data about the presence and absence of the PFTs in particular areas: the average RMSEs (root-mean-square errors) with the geospatially-constrained versus conventional method were 11.3% and 11.9% respectively, with larger reductions in the bias (i.e. mean error) in the abundances of Oak, Cedar/Fir, and Western Hardwood PFTs (ranging from 2.0% to 7.8%). At the hectare scale around four flux towers in the Southern Sierra Mountains, the overall composition improved from an RMSE of 18.2% (5.0–24.2% for individual PFTs) to an RMSE of 9.5% (3.3–13.2% for individual PFTs). Downgrading AVIRIS to 30 m resolution resulted in a reduction in accuracy of the constrained method to an RMSE of 12.7% (0–23.7%) with &lt;1% change in the bias for all tree and shrub PFTs. Our results demonstrate that imaging spectrometry measurements from planned satellite missions such as HyspIRI, EnMAP (Environmental Mapping and Analysis Program), and HISUI (Hyper-spectral Imager SUIte) can provide important and much-needed information about fine-scale heterogeneity in the composition of plant canopies for constraining and improving terrestrial ecosystem and biosphere model simulations of regional- and global-scale vegetation dynamics and function.</subfield></datafield><datafield tag="592" ind1=" " ind2=" "><subfield code="a">Publisher supplied data</subfield></datafield><datafield tag="593" ind1=" " ind2=" "><subfield code="a">PubAg article</subfield></datafield><datafield tag="650" ind1=" " ind2="3"><subfield code="a">biosphere</subfield></datafield><datafield tag="650" ind1=" " ind2="3"><subfield code="a">botanical composition</subfield></datafield><datafield tag="650" ind1=" " ind2="3"><subfield code="a">canopy</subfield></datafield><datafield tag="650" ind1=" " ind2="3"><subfield code="a">carbon</subfield></datafield><datafield tag="650" ind1=" " ind2="3"><subfield code="a">carbon dioxide</subfield></datafield><datafield tag="650" ind1=" " ind2="3"><subfield code="a">climate</subfield></datafield><datafield tag="650" ind1=" " ind2="3"><subfield code="a">demography</subfield></datafield><datafield tag="650" ind1=" " ind2="3"><subfield code="a">energy</subfield></datafield><datafield tag="650" ind1=" " ind2="3"><subfield code="a">functional diversity</subfield></datafield><datafield tag="650" ind1=" " ind2="3"><subfield code="a">grasses</subfield></datafield><datafield tag="650" ind1=" " ind2="3"><subfield code="a">hardwood</subfield></datafield><datafield tag="650" ind1=" " ind2="3"><subfield code="a">image analysis</subfield></datafield><datafield tag="650" ind1=" " ind2="3"><subfield code="a">land cover</subfield></datafield><datafield tag="650" ind1=" " ind2="3"><subfield code="a">land use change</subfield></datafield><datafield tag="650" ind1=" " ind2="3"><subfield code="a">leaves</subfield></datafield><datafield tag="650" ind1=" " ind2="3"><subfield code="a">mountains</subfield></datafield><datafield tag="650" ind1=" " ind2="3"><subfield code="a">photosynthesis</subfield></datafield><datafield tag="650" ind1=" " ind2="3"><subfield code="a">remote sensing</subfield></datafield><datafield tag="650" ind1=" " ind2="3"><subfield code="a">satellites</subfield></datafield><datafield tag="650" ind1=" " ind2="3"><subfield code="a">shrubs</subfield></datafield><datafield tag="650" ind1=" " ind2="3"><subfield code="a">simulation models</subfield></datafield><datafield tag="650" ind1=" " ind2="3"><subfield code="a">spatial data</subfield></datafield><datafield tag="650" ind1=" " ind2="3"><subfield code="a">spectrometers</subfield></datafield><datafield tag="650" ind1=" " ind2="3"><subfield code="a">spectroscopy</subfield></datafield><datafield tag="650" ind1=" " ind2="3"><subfield code="a">terrestrial ecosystems</subfield></datafield><datafield tag="650" ind1=" " ind2="3"><subfield code="a">trees</subfield></datafield><datafield tag="650" ind1=" " ind2="3"><subfield code="a">vegetation</subfield></datafield><datafield tag="651" ind1=" " ind2="3"><subfield code="a">California</subfield></datafield><datafield tag="653" ind1=" " ind2="0"><subfield code="a">Imaging spectrometry</subfield></datafield><datafield tag="653" ind1=" " ind2="0"><subfield code="a">Canopy composition</subfield></datafield><datafield tag="653" ind1=" " ind2="0"><subfield code="a">HyspIRI</subfield></datafield><datafield tag="653" ind1=" " ind2="0"><subfield code="a">Multiple endmember spectral mixture analysis</subfield></datafield><datafield tag="700" ind1="1" ind2=" "><subfield code="a">Antonarakis, Alexander S.</subfield><subfield code="e">author</subfield><subfield code="u">Department of Geography, Sussex University, Falmer, Brighton BN1 9QJ, UK</subfield></datafield><datafield tag="700" ind1="1" ind2=" "><subfield code="a">Moorcroft, Paul R.</subfield><subfield code="e">author</subfield><subfield code="u">Department of Organismic and Evolutionary Biology, Harvard University, 26 Oxford Street, Cambridge, MA 02138, USA</subfield></datafield><datafield tag="773" ind1="0" ind2=" "><subfield code="t">Remote sensing of environment.</subfield><subfield code="g">2019 July, v. 228 p.14-30</subfield><subfield code="d">Elsevier Inc.</subfield><subfield code="w">Journal:11735</subfield><subfield code="x">0034-4257</subfield><subfield code="7">nnas</subfield></datafield><datafield tag="787" ind1="1" ind2=" "><subfield code="o">islandora_article_repository</subfield></datafield><datafield tag="787" ind1="1" ind2=" "><subfield code="o">product_pubag</subfield></datafield><datafield tag="787" ind1="1" ind2=" "><subfield code="o">(Journal)11735</subfield></datafield><datafield tag="856" ind1="4" ind2="0"><subfield code="u">https://dx.doi.org/10.1/j.rse.2019.03.031</subfield><subfield code="3">Available from publisher's site</subfield></datafield><datafield tag="912" ind1=" " ind2=" "><subfield code="a">Article</subfield></datafield><datafield tag="914" ind1=" " ind2=" "><subfield code="a">Journal:11735</subfield><subfield code="b">0034-4257</subfield></datafield><datafield tag="914" ind1=" " ind2=" "><subfield code="f">Remote sensing of environment</subfield></datafield><datafield tag="916" ind1=" " ind2=" "><subfield code="a">Batch:2196</subfield></datafield><datafield tag="917" ind1=" " ind2=" "><subfield code="a">issued</subfield></datafield><datafield tag="918" ind1="2" ind2=" "><subfield code="a">Elsevier Consyn</subfield><subfield code="e">provider</subfield><subfield code="5">DNAL</subfield></datafield><datafield tag="935" ind1=" " ind2=" "><subfield code="a">IND606357884</subfield><subfield code="9">ExL</subfield></datafield><datafield tag="949" ind1=" " ind2=" "><subfield code="a">2019-05-09</subfield></datafield><datafield tag="953" ind1=" " ind2=" "><subfield code="a">/data/metadata/incoming/consyn/27548-00001-HEAD-ONLY-NEW CONSYN ISSNS.zip</subfield></datafield><datafield tag="954" ind1=" " ind2=" "><subfield code="a">file:/data/metadata/staging/consyn/S0034425719301221.xml</subfield></datafield><datafield tag="955" ind1=" " ind2=" "><subfield code="a">/data/metadata/staging/consyn/</subfield></datafield><datafield tag="974" ind1=" " ind2=" "><subfield code="a">agid:6357884</subfield></datafield><datafield tag="983" ind1=" " ind2=" "><subfield code="a">2019-05-09</subfield></datafield><datafield tag="984" ind1=" " ind2=" "><subfield code="a">2019-05-09</subfield></datafield></record>