<record><leader>04648nab a2200673 u 4500</leader><controlfield tag="001">9915722560807426</controlfield><controlfield tag="005">20221121005037.0</controlfield><controlfield tag="008">180619e201712 xx |||||o|||||||||||eng||</controlfield><datafield tag="" ind1="7" ind2=" "><subfield code="a">IND605860456</subfield><subfield code="2">DNAL</subfield></datafield><datafield tag="024" ind1="7" ind2=" "><subfield code="a">10.1186/s12898-017-0146-8</subfield><subfield code="2">doi</subfield></datafield><datafield tag="024" ind1="7" ind2=" "><subfield code="a">PMC5686908</subfield><subfield code="2">pmcid</subfield></datafield><datafield tag="024" ind1="7" ind2=" "><subfield code="a">29137616</subfield><subfield code="2">pmid</subfield></datafield><datafield tag="035" ind1=" " ind2=" "><subfield code="a">agid:5860456-01nal_inst</subfield></datafield><datafield tag="040" ind1=" " ind2=" "><subfield code="a">AGL</subfield><subfield code="b">eng</subfield><subfield code="c">AGL</subfield></datafield><datafield tag="100" ind1="1" ind2=" "><subfield code="a">Lee, Ya-Fu</subfield><subfield code="e">author</subfield><subfield code="u">Department of Life Sciences, National Cheng Kung University, Tainan, 701, Taiwan. yafulee@mail.ncku.edu.tw</subfield><subfield code="1">http://orcid.org/0000-0001-7411-9408</subfield></datafield><datafield tag="245" ind1="1" ind2="0"><subfield code="a">Foraging dispersion of Ryukyu flying-foxes and relationships with fig abundance in East-Asian subtropical island forests</subfield></datafield><datafield tag="300" ind1=" " ind2=" "><subfield code="a">p. 35.</subfield></datafield><datafield tag="500" ind1=" " ind2=" "><subfield code="a">2019-12-06</subfield></datafield><datafield tag="506" ind1=" " ind2=" "><subfield code="a">Resource is Open Access</subfield><subfield code="u">http://purl.org/eprint/accessRights/OpenAccess</subfield><subfield code="f">Unrestricted online access</subfield><subfield code="2">star</subfield></datafield><datafield tag="520" ind1=" " ind2=" "><subfield code="a">BACKGROUND: Figs are widely distributed key resources to many tropical-subtropical animals, and flying-foxes are major consumers and seed dispersers of figs. Bat-fig interrelationships, however, may vary among species differing in fruiting traits, i.e., bat- versus bird-dispersed figs. We examined Ryukyu flying-fox foraging dispersion and the relationships with tree species composition and fig abundance in forests of Iriomote Island. RESULTS: Bat foraging dispersion showed no spatial patterns with respect to different areas of the island, and was not explained by heterogeneity, density, or basal area (BA) of total trees, nor by relative density or BA of fruiting trees or total fruiting figs among sites. Instead, bat densities were positively dependent on the relative density of total figs, and particularly the relative BA of bat-dispersed figs Ficus septica and F. variegata. Both species were dominant figs in forests, fruiting asynchronously with long crop seasons, and were used as predominant foods. Bats foraged mostly solitarily and the mean density was in a hump-shaped relationship with crop sizes of the dominant bat-figs. These two species and Ficus benguetensis are larger-sized bat-figs, all contained more seeds, higher dry-pulp mass and water mass, but not necessarily water content. By approximate estimation, higher proportions of seeds of these bat-figs would have been removed from fruits through the bat consumption, than that of small-sized bird-figs like F. virgata, F. superba, and F. microcarpa. CONCLUSIONS: The foraging dispersion of Ryukyu flying-foxes in forests depends on the availability of the most abundant bat-figs that serve as predominant foods. Intermediate levels of crop sizes of theses figs appear most fit with their solitary foraging. Our results suggest that as density and BA coverage of these dominant bat-figs are below a certain level, their effectiveness to attract bats may dwindle and so would their chance of dispersal by bats.</subfield></datafield><datafield tag="592" ind1=" " ind2=" "><subfield code="a">Publisher supplied data</subfield></datafield><datafield tag="593" ind1=" " ind2=" "><subfield code="a">PubAg article</subfield></datafield><datafield tag="650" ind1=" " ind2="3"><subfield code="a">Ficus septica</subfield></datafield><datafield tag="650" ind1=" " ind2="3"><subfield code="a">foods</subfield></datafield><datafield tag="650" ind1=" " ind2="3"><subfield code="a">fruits</subfield></datafield><datafield tag="650" ind1=" " ind2="3"><subfield code="a">seeds</subfield></datafield><datafield tag="650" ind1=" " ind2="3"><subfield code="a">animals</subfield></datafield><datafield tag="650" ind1=" " ind2="3"><subfield code="a">trees</subfield></datafield><datafield tag="650" ind1=" " ind2="3"><subfield code="a">Pteropus</subfield></datafield><datafield tag="650" ind1=" " ind2="3"><subfield code="a">foraging</subfield></datafield><datafield tag="650" ind1=" " ind2="3"><subfield code="a">species diversity</subfield></datafield><datafield tag="650" ind1=" " ind2="3"><subfield code="a">water content</subfield></datafield><datafield tag="650" ind1=" " ind2="3"><subfield code="a">figs</subfield></datafield><datafield tag="650" ind1=" " ind2="3"><subfield code="a">stand basal area</subfield></datafield><datafield tag="650" ind1=" " ind2="3"><subfield code="a">forests</subfield></datafield><datafield tag="653" ind1=" " ind2="0"><subfield code="a">basal area</subfield></datafield><datafield tag="700" ind1="1" ind2=" "><subfield code="a">Kuo, Yen-Min</subfield><subfield code="e">author</subfield><subfield code="u">Department of Life Sciences, National Cheng Kung University, Tainan, 701, Taiwan</subfield></datafield><datafield tag="700" ind1="1" ind2=" "><subfield code="a">Chang, Hsin-Yi</subfield><subfield code="e">author</subfield><subfield code="u">Department of Life Sciences, National Cheng Kung University, Tainan, 701, Taiwan</subfield></datafield><datafield tag="700" ind1="1" ind2=" "><subfield code="a">Tsai, Chi-Feng</subfield><subfield code="e">author</subfield><subfield code="u">Department of Life Sciences, National Cheng Kung University, Tainan, 701, Taiwan</subfield></datafield><datafield tag="700" ind1="1" ind2=" "><subfield code="a">Baba, Shigeyuki</subfield><subfield code="e">author</subfield><subfield code="u">Tropical Biosphere Research Center and Faculty of Agriculture, University of the Ryukyus, Okinawa, Japan</subfield></datafield><datafield tag="773" ind1="0" ind2=" "><subfield code="t">BMC ecology.</subfield><subfield code="g">2017 Dec., v. 17, no. 1 p.35-35</subfield><subfield code="d">BioMed Central</subfield><subfield code="w">Journal:jnl4138408</subfield><subfield code="x">1472-6785</subfield><subfield code="7">nnas</subfield></datafield><datafield tag="787" ind1="1" ind2=" "><subfield code="o">islandora_article_repository</subfield></datafield><datafield tag="787" ind1="1" ind2=" "><subfield code="o">product_pubag</subfield></datafield><datafield tag="787" ind1="1" ind2=" "><subfield code="o">(Journal)jnl4138408</subfield></datafield><datafield tag="856" ind1="4" ind2="0"><subfield code="u">http://dx.doi.org/10.1186/s12898-017-0146-8</subfield><subfield code="3">Available from publisher's site</subfield></datafield><datafield tag="912" ind1=" " ind2=" "><subfield code="a">Article</subfield></datafield><datafield tag="914" ind1=" " ind2=" "><subfield code="a">Journal:jnl4138408</subfield><subfield code="b">1472-6785</subfield><subfield code="c">17</subfield><subfield code="d">1</subfield><subfield code="e">35</subfield></datafield><datafield tag="914" ind1=" " ind2=" "><subfield code="f">BMC ecology</subfield></datafield><datafield tag="916" ind1=" " ind2=" "><subfield code="a">Batch:1887</subfield></datafield><datafield tag="917" ind1=" " ind2=" "><subfield code="a">issued</subfield></datafield><datafield tag="918" ind1="2" ind2=" "><subfield code="a">Springer</subfield><subfield code="e">provider</subfield><subfield code="5">DNAL</subfield></datafield><datafield tag="935" ind1=" " ind2=" "><subfield code="a">IND605860456</subfield><subfield code="9">ExL</subfield></datafield><datafield tag="949" ind1=" " ind2=" "><subfield code="a">2018-06-19</subfield></datafield><datafield tag="953" ind1=" " ind2=" "><subfield code="a">/data/metadata/incoming/springer/ftp_PUB_18-01-10_05-31-44.zip</subfield></datafield><datafield tag="954" ind1=" " ind2=" "><subfield code="a">file:/data/metadata/staging/springer/12898-17-1.xml</subfield></datafield><datafield tag="955" ind1=" " ind2=" "><subfield code="a">/data/metadata/staging/springer/</subfield></datafield><datafield tag="974" ind1=" " ind2=" "><subfield code="a">agid:5860456</subfield></datafield><datafield tag="983" ind1=" " ind2=" "><subfield code="a">2018-06-19</subfield></datafield><datafield tag="984" ind1=" " ind2=" "><subfield code="a">2020-09-25</subfield></datafield></record>