<record><leader>04422nab a2200757 u 4500</leader><controlfield tag="001">9915722671307426</controlfield><controlfield tag="005">20221121230419.0</controlfield><controlfield tag="008">090612e200907 xx |||||o|||||||||||eng||</controlfield><datafield tag="" ind1="7" ind2=" "><subfield code="a">IND44216971</subfield><subfield code="2">DNAL</subfield></datafield><datafield tag="024" ind1="7" ind2=" "><subfield code="a">10.1111/j.1466-8238.2009.00464.x</subfield><subfield code="2">doi</subfield></datafield><datafield tag="035" ind1=" " ind2=" "><subfield code="a">agid:2215290-01nal_inst</subfield></datafield><datafield tag="040" ind1=" " ind2=" "><subfield code="a">AGL</subfield><subfield code="b">eng</subfield><subfield code="c">AGL</subfield></datafield><datafield tag="100" ind1="1" ind2=" "><subfield code="a">Batllori, Enric</subfield></datafield><datafield tag="245" ind1="1" ind2="0"><subfield code="a">Seedling recruitment, survival and facilitation in alpine Pinus uncinata tree line ecotones. Implications and potential responses to climate warming</subfield></datafield><datafield tag="300" ind1=" " ind2=" "><subfield code="a">p. 460-472.</subfield></datafield><datafield tag="520" ind1=" " ind2=" "><subfield code="a">Alpine tree line ecotones are harsh environments where low temperatures constrain tree regeneration and growth. However, the expected upward shift of tree line ecotones in response to climate warming has not been ubiquitous. The lack of coupling between tree line dynamics and climate warming might be explained by factors other than climate variation that determine seedling recruitment in these ecotones. We want to assess how the availability of suitable habitat for establishment and the effects of facilitation on seedling survival and growth affect tree recruitment within tree line ecotones and modulate their responses to climate. We evaluate the relevance of these factors for Pinus uncinata tree line ecotones in the Catalan Pyrenees (north-east Spain) and Andorra. We analysed the microhabitat of naturally established seedlings in rectangular plots at the tree line ecotone, assessing the habitat type and the proximity to potentially protective elements that may improve microsite conditions. We tested whether krummholz individuals influence regeneration at the tree line by performing a transplantation field experiment to evaluate the extent of facilitation on seedling survival and growth in height. A total of 820 seedlings were transplanted at different distances and orientations (resulting in 12 positions) from krummholz mats and monitored over 2 years. Safe sites for P. uncinata recruits consisted of sparse vegetation covering bare soil, gravel or litter, and close to protective elements that may ameliorate microsite conditions. The field experiment showed that directional positive interactions enhance seedling survival and growth, altering the spatial patterns of recruit survivorship, especially during harsh winter conditions (shallow and irregular snowpack). Our results suggest that scarce availability of safe sites and uneven facilitation by krummholz control seedling recruitment patterns within alpine tree line ecotones. Such constraints may distort or counter the response of tree line ecotones to climate warming at local and regional scales.</subfield></datafield><datafield tag="593" ind1=" " ind2=" "><subfield code="a">PubAg article</subfield></datafield><datafield tag="650" ind1=" " ind2="3"><subfield code="a">Pinus uncinata</subfield></datafield><datafield tag="650" ind1=" " ind2="3"><subfield code="a">climate</subfield></datafield><datafield tag="650" ind1=" " ind2="3"><subfield code="a">ecotones</subfield></datafield><datafield tag="650" ind1=" " ind2="3"><subfield code="a">field experimentation</subfield></datafield><datafield tag="650" ind1=" " ind2="3"><subfield code="a">global warming</subfield></datafield><datafield tag="650" ind1=" " ind2="3"><subfield code="a">gravel</subfield></datafield><datafield tag="650" ind1=" " ind2="3"><subfield code="a">krummholz</subfield></datafield><datafield tag="650" ind1=" " ind2="3"><subfield code="a">microhabitats</subfield></datafield><datafield tag="650" ind1=" " ind2="3"><subfield code="a">seedlings</subfield></datafield><datafield tag="650" ind1=" " ind2="3"><subfield code="a">snowpack</subfield></datafield><datafield tag="650" ind1=" " ind2="3"><subfield code="a">soil</subfield></datafield><datafield tag="650" ind1=" " ind2="3"><subfield code="a">species recruitment</subfield></datafield><datafield tag="650" ind1=" " ind2="3"><subfield code="a">survival rate</subfield></datafield><datafield tag="650" ind1=" " ind2="3"><subfield code="a">temperature</subfield></datafield><datafield tag="650" ind1=" " ind2="3"><subfield code="a">treeline</subfield></datafield><datafield tag="650" ind1=" " ind2="3"><subfield code="a">trees</subfield></datafield><datafield tag="651" ind1=" " ind2="3"><subfield code="a">Andorra</subfield></datafield><datafield tag="651" ind1=" " ind2="3"><subfield code="a">Spain</subfield></datafield><datafield tag="653" ind1=" " ind2="0"><subfield code="a">Ecotone</subfield></datafield><datafield tag="653" ind1=" " ind2="0"><subfield code="a">facilitation</subfield></datafield><datafield tag="653" ind1=" " ind2="0"><subfield code="a">generalized linear models</subfield></datafield><datafield tag="653" ind1=" " ind2="0"><subfield code="a">Pyrenees</subfield></datafield><datafield tag="653" ind1=" " ind2="0"><subfield code="a">regeneration niche</subfield></datafield><datafield tag="653" ind1=" " ind2="0"><subfield code="a">transplantation experiment</subfield></datafield><datafield tag="653" ind1=" " ind2="0"><subfield code="a">tree line</subfield></datafield><datafield tag="700" ind1="1" ind2=" "><subfield code="a">Camarero, J. Julio</subfield></datafield><datafield tag="700" ind1="1" ind2=" "><subfield code="a">Ninot, Josep M.</subfield></datafield><datafield tag="700" ind1="1" ind2=" "><subfield code="a">Gutiérrez, Emilia</subfield></datafield><datafield tag="773" ind1="0" ind2=" "><subfield code="t">Global ecology and biogeography.</subfield><subfield code="g">2009 July, v. 18, no. 4 p.460-472</subfield><subfield code="d">Oxford, UK : Blackwell Publishing Ltd</subfield><subfield code="x">1466-822X</subfield><subfield code="7">nnas</subfield></datafield><datafield tag="787" ind1="1" ind2=" "><subfield code="o">islandora_article_repository</subfield></datafield><datafield tag="787" ind1="1" ind2=" "><subfield code="o">product_pubag</subfield></datafield><datafield tag="787" ind1="1" ind2=" "><subfield code="o">(Journal)jnl3920180</subfield></datafield><datafield tag="852" ind1=" " ind2=" "><subfield code="a">DNAL</subfield></datafield><datafield tag="856" ind1="4" ind2="0"><subfield code="u">http://dx.doi.org/10.1111/j.1466-8238.2009.00464.x</subfield><subfield code="3">Available from publisher's Web site</subfield></datafield><datafield tag="912" ind1=" " ind2=" "><subfield code="a">Article</subfield></datafield><datafield tag="914" ind1=" " ind2=" "><subfield code="a">Journal:jnl3920180</subfield></datafield><datafield tag="914" ind1=" " ind2=" "><subfield code="f">Global ecology and biogeography</subfield></datafield><datafield tag="916" ind1=" " ind2=" "><subfield code="a">Batch:1242</subfield></datafield><datafield tag="917" ind1=" " ind2=" "><subfield code="a">issued</subfield></datafield><datafield tag="930" ind1=" " ind2=" "><subfield code="a">20090612</subfield><subfield code="b">20090703</subfield><subfield code="c">00000000</subfield></datafield><datafield tag="935" ind1=" " ind2=" "><subfield code="a">IND44216971</subfield><subfield code="9">ExL</subfield></datafield><datafield tag="946" ind1=" " ind2=" "><subfield code="a">Non-US</subfield></datafield><datafield tag="949" ind1=" " ind2=" "><subfield code="a">2-03-11</subfield></datafield><datafield tag="952" ind1=" " ind2=" "><subfield code="a">20090612 20090703 00000000</subfield></datafield><datafield tag="962" ind1=" " ind2=" "><subfield code="a">Batch:1242 reviewed on 2-03-11T15:00:03Z</subfield></datafield><datafield tag="974" ind1=" " ind2=" "><subfield code="a">agid:2215290</subfield></datafield><datafield tag="984" ind1=" " ind2=" "><subfield code="a">2-03-11</subfield></datafield><datafield tag="985" ind1=" " ind2=" "><subfield code="a">Converted from MARCXML to MODS version 3.4 using MARC21slim2MODS3-4.xsl (Revision 1.95 2014/04/23)</subfield></datafield><datafield tag="986" ind1=" " ind2=" "><subfield code="a">4216971</subfield></datafield></record>