<record><leader>03729nab a2200685 u 4500</leader><controlfield tag="001">9915723677907426</controlfield><controlfield tag="005">20221123031618.0</controlfield><controlfield tag="008">100218e201001 xx |||||o|||||||||||eng||</controlfield><datafield tag="" ind1="7" ind2=" "><subfield code="a">IND44328536</subfield><subfield code="2">DNAL</subfield></datafield><datafield tag="024" ind1="7" ind2=" "><subfield code="a">10.1139/X09-157</subfield><subfield code="2">doi</subfield></datafield><datafield tag="035" ind1=" " ind2=" "><subfield code="a">agid:777145-01nal_inst</subfield></datafield><datafield tag="040" ind1=" " ind2=" "><subfield code="a">AGL</subfield><subfield code="b">eng</subfield><subfield code="c">AGL</subfield></datafield><datafield tag="072" ind1=" " ind2="0"><subfield code="a">F300</subfield></datafield><datafield tag="072" ind1=" " ind2="0"><subfield code="a">K001</subfield></datafield><datafield tag="072" ind1=" " ind2="0"><subfield code="a">B200</subfield></datafield><datafield tag="072" ind1=" " ind2="0"><subfield code="a">P200</subfield></datafield><datafield tag="100" ind1="1" ind2=" "><subfield code="a">Curzon, Miranda T.</subfield></datafield><datafield tag="245" ind1="1" ind2="0"><subfield code="a">Spatial characteristics of canopy disturbances in riparian old-growth hemlock – northern hardwood forests, Adirondack Mountains, New York, USA</subfield></datafield><datafield tag="300" ind1=" " ind2=" "><subfield code="a">p. 13–25.</subfield></datafield><datafield tag="500" ind1=" " ind2=" "><subfield code="a">Includes references</subfield></datafield><datafield tag="500" ind1=" " ind2=" "><subfield code="a">Summary in French.</subfield></datafield><datafield tag="500" ind1=" " ind2=" "><subfield code="a">2019-12-06</subfield></datafield><datafield tag="520" ind1=" " ind2=" "><subfield code="a">Gap dynamics in temperate, late-successional forests influence important riparian functions, including organic matter recruitment and light environments over streams. However, controls on gap dynamics specific to riparian forests are poorly understood. We hypothesized that (i) gaps are larger and more frequent nearer streams, (ii) gaps cluster at within-stand scales, and (iii) tree damage type and gap fraction vary among riparian landforms. All gaps within four 6–9 ha plots in riparian old-growth eastern hemlock (Tsuga canadensis (L.) Carrière) – northern hardwood forest in the Adirondack Mountains, New York, USA, were mapped and measured. We recorded species, damage type, and diameter at breast height for gapmakers and dominant perimeter trees. Spatial distribution was assessed with Ripley’s K. Spatial autocorrelation in gap area and tree damage type were assessed using Moran’s I. Linear regression analysis defined relationships between proximity to streams and gap area and frequency. Expanded gap fraction ranged from 28.3% to 47.6%. Gaps were randomly distributed at scales &lt;or=25 m and clustered at scales of 63–122 m. Distribution patterns were not consistent at other scales. Convergent and divergent landforms significantly influenced gap fraction, tree damage type, and species distributions. Positive correlations between convergent topography and gap area suggest an interaction between low-order riparian landforms and gap formation dynamics in late-successional forests.</subfield></datafield><datafield tag="593" ind1=" " ind2=" "><subfield code="a">PubAg article</subfield></datafield><datafield tag="650" ind1=" " ind2="3"><subfield code="a">Tsuga canadensis</subfield></datafield><datafield tag="650" ind1=" " ind2="3"><subfield code="a">topography</subfield></datafield><datafield tag="650" ind1=" " ind2="3"><subfield code="a">old-growth forests</subfield></datafield><datafield tag="650" ind1=" " ind2="3"><subfield code="a">forest canopy</subfield></datafield><datafield tag="650" ind1=" " ind2="3"><subfield code="a">spatial distribution</subfield></datafield><datafield tag="650" ind1=" " ind2="3"><subfield code="a">riparian forests</subfield></datafield><datafield tag="650" ind1=" " ind2="3"><subfield code="a">hardwood forests</subfield></datafield><datafield tag="650" ind1=" " ind2="3"><subfield code="a">landforms</subfield></datafield><datafield tag="650" ind1=" " ind2="3"><subfield code="a">streams</subfield></datafield><datafield tag="650" ind1=" " ind2="3"><subfield code="a">canopy gaps</subfield></datafield><datafield tag="650" ind1=" " ind2="3"><subfield code="a">tree damage</subfield></datafield><datafield tag="650" ind1=" " ind2="3"><subfield code="a">stand structure</subfield></datafield><datafield tag="651" ind1=" " ind2="3"><subfield code="a">Adirondacks</subfield></datafield><datafield tag="651" ind1=" " ind2="3"><subfield code="a">New York</subfield></datafield><datafield tag="653" ind1=" " ind2="0"><subfield code="a">vegetation structure</subfield></datafield><datafield tag="700" ind1="1" ind2=" "><subfield code="a">Keeton, William S.</subfield></datafield><datafield tag="773" ind1="0" ind2=" "><subfield code="t">Canadian journal of forest research =.</subfield><subfield code="g">2010 Jan., v. 40, no. 1 p.13–25-13–25</subfield><subfield code="d">National Research Council of Canada</subfield><subfield code="x">0045-5067</subfield><subfield code="7">nnas</subfield></datafield><datafield tag="787" ind1="1" ind2=" "><subfield code="o">islandora_article_repository</subfield></datafield><datafield tag="787" ind1="1" ind2=" "><subfield code="o">product_pubag</subfield></datafield><datafield tag="787" ind1="1" ind2=" "><subfield code="o">(Journal)jnl2003</subfield></datafield><datafield tag="852" ind1=" " ind2=" "><subfield code="a">DNAL</subfield></datafield><datafield tag="856" ind1="4" ind2="0"><subfield code="u">http://dx.doi.org/10.1139/X09-157</subfield><subfield code="3">Available from publisher's Web site</subfield></datafield><datafield tag="912" ind1=" " ind2=" "><subfield code="a">Article</subfield></datafield><datafield tag="914" ind1=" " ind2=" "><subfield code="a">Journal:jnl2003</subfield><subfield code="b">0045-5067</subfield><subfield code="c">40</subfield><subfield code="d">1</subfield><subfield code="e">13–25</subfield></datafield><datafield tag="914" ind1=" " ind2=" "><subfield code="f">Canadian journal of forest research =</subfield></datafield><datafield tag="917" ind1=" " ind2=" "><subfield code="a">issued</subfield></datafield><datafield tag="930" ind1=" " ind2=" "><subfield code="a">20100220</subfield><subfield code="b">20100305</subfield><subfield code="c">00000000</subfield></datafield><datafield tag="935" ind1=" " ind2=" "><subfield code="a">IND44328536</subfield><subfield code="9">ExL</subfield></datafield><datafield tag="945" ind1=" " ind2=" "><subfield code="a">IND</subfield><subfield code="d">LYN</subfield><subfield code="e">2010/02/19</subfield></datafield><datafield tag="946" ind1=" " ind2=" "><subfield code="a">Non-US</subfield></datafield><datafield tag="949" ind1=" " ind2=" "><subfield code="a">2014-07-17</subfield></datafield><datafield tag="952" ind1=" " ind2=" "><subfield code="a">20100220 20100305 00000000</subfield><subfield code="b">IND LYN 2010/02/19</subfield></datafield><datafield tag="974" ind1=" " ind2=" "><subfield code="a">agid:777145</subfield></datafield><datafield tag="984" ind1=" " ind2=" "><subfield code="a">2014-07-25</subfield></datafield><datafield tag="985" ind1=" " ind2=" "><subfield code="a">Converted from MARCXML to MODS version 3.4 using MARC21slim2MODS3-4.xsl (Revision 1.95 2014/04/23)</subfield></datafield><datafield tag="986" ind1=" " ind2=" "><subfield code="a">4328536</subfield></datafield></record>