<record><leader>03824nab a2200673 u 4500</leader><controlfield tag="001">9915723689107426</controlfield><controlfield tag="005">20221123042716.0</controlfield><controlfield tag="008">050131e200501 xx |||||o|||||||||||eng||</controlfield><datafield tag="" ind1="7" ind2=" "><subfield code="a">IND43668371</subfield><subfield code="2">DNAL</subfield></datafield><datafield tag="035" ind1=" " ind2=" "><subfield code="a">agid:2552807-01nal_inst</subfield></datafield><datafield tag="040" ind1=" " ind2=" "><subfield code="a">AGL</subfield><subfield code="b">eng</subfield><subfield code="c">AGL</subfield></datafield><datafield tag="072" ind1=" " ind2="0"><subfield code="a"> F600 </subfield></datafield><datafield tag="072" ind1=" " ind2="0"><subfield code="a"> K001 </subfield></datafield><datafield tag="072" ind1=" " ind2="0"><subfield code="a"> J200 </subfield></datafield><datafield tag="072" ind1=" " ind2="0"><subfield code="a"> J100 </subfield></datafield><datafield tag="100" ind1="1" ind2=" "><subfield code="a">Aubert, M.</subfield></datafield><datafield tag="245" ind1="1" ind2="0"><subfield code="a">Sources of spatial and temporal variability of inorganic nitrogen in pure and mixed deciduous temperate forests</subfield></datafield><datafield tag="300" ind1=" " ind2=" "><subfield code="a">p. 67-79.</subfield></datafield><datafield tag="500" ind1=" " ind2=" "><subfield code="a">2019-12-05</subfield></datafield><datafield tag="520" ind1=" " ind2=" "><subfield code="a">We investigated the influence of tree canopy composition and structure on the spatial and temporal variability of (i) concentrations of inorganic N (NH4(+) and NO3(-)) and (ii) net N-mineralization and net nitrification, within the temperate forest floor. We compared a pure European beech stand (PS) with a mixed beech-hornbeam one (MS). Three sampling areas were chosen in each stand. Within the PS, the tree locations represented a decreasing gradient of light intensity reaching the forest floor. Within the MS they represented a gradient in the amount of hornbeam leaves present in the litter. In the field NH4(+) and NO3(-) concentrations were measured in the upper mineral soil (UMS) and the overlying organic layers (OL and OF+OH). Field exposures using buried bags were carried out on UMS over 1 year to measure in situ net N-mineralization and net nitrification. Potential net N-mineralization and net nitrification were investigated in summer with UMS, OL and OF+OH incubated at 28 degrees C for 28 days in the laboratory. We hypothesize that with the presence of a mull-forming species (hornbeam) within a stand dominated by a moder-forming one (European beech), (i) the spatial and (ii) temporal patterns of soil inorganic N concentrations, net N-mineralization and net nitrification would be different in the two stands. Our main results show that tree species composition has an influence on both spatial and temporal patterns of nitrification. The PS exhibited its highest peaks of UMS NO3(-) concentration and net nitrification in spring and early summer while they were highest in the MS in winter. Furthermore, PS exhibited a higher rate of net nitrification than MS. We discuss this unexpected result and suggest that dissolved organic C may be the controlling factor for net nitrification in the MS.</subfield></datafield><datafield tag="650" ind1=" " ind2="3"><subfield code="a">temporal variation</subfield></datafield><datafield tag="650" ind1=" " ind2="3"><subfield code="a">mineralization</subfield></datafield><datafield tag="650" ind1=" " ind2="3"><subfield code="a">deciduous forests</subfield></datafield><datafield tag="650" ind1=" " ind2="3"><subfield code="a">canopy</subfield></datafield><datafield tag="650" ind1=" " ind2="3"><subfield code="a">ammonium nitrogen</subfield></datafield><datafield tag="650" ind1=" " ind2="3"><subfield code="a">mull</subfield></datafield><datafield tag="650" ind1=" " ind2="3"><subfield code="a">soil nutrients</subfield></datafield><datafield tag="650" ind1=" " ind2="3"><subfield code="a">nitrogen</subfield></datafield><datafield tag="650" ind1=" " ind2="3"><subfield code="a">temperate forests</subfield></datafield><datafield tag="650" ind1=" " ind2="3"><subfield code="a">forest litter</subfield></datafield><datafield tag="650" ind1=" " ind2="3"><subfield code="a">Carpinus betulus</subfield></datafield><datafield tag="650" ind1=" " ind2="3"><subfield code="a">nitrate nitrogen</subfield></datafield><datafield tag="650" ind1=" " ind2="3"><subfield code="a">nitrification</subfield></datafield><datafield tag="650" ind1=" " ind2="3"><subfield code="a">forest soils</subfield></datafield><datafield tag="650" ind1=" " ind2="3"><subfield code="a">spatial variation</subfield></datafield><datafield tag="650" ind1=" " ind2="3"><subfield code="a">moder</subfield></datafield><datafield tag="650" ind1=" " ind2="3"><subfield code="a">overstory</subfield></datafield><datafield tag="650" ind1=" " ind2="3"><subfield code="a">Fagus sylvatica</subfield></datafield><datafield tag="651" ind1=" " ind2="3"><subfield code="a">France</subfield></datafield><datafield tag="653" ind1=" " ind2="0"><subfield code="a">nitrogen content</subfield></datafield><datafield tag="700" ind1="1" ind2=" "><subfield code="a">Bureau, F.</subfield></datafield><datafield tag="700" ind1="1" ind2=" "><subfield code="a">Vinceslas-Akpa, M.</subfield></datafield><datafield tag="773" ind1="0" ind2=" "><subfield code="t">Soil biology &amp; biochemistry.</subfield><subfield code="g">2005 Jan., v. 37, no. 1 p.67-79</subfield><subfield code="x">0038-0717</subfield><subfield code="7">nnas</subfield></datafield><datafield tag="787" ind1="1" ind2=" "><subfield code="o">islandora_article_repository</subfield></datafield><datafield tag="787" ind1="1" ind2=" "><subfield code="o">(Journal)jnl124</subfield></datafield><datafield tag="852" ind1=" " ind2=" "><subfield code="a">DNAL</subfield></datafield><datafield tag="912" ind1=" " ind2=" "><subfield code="a">Article</subfield></datafield><datafield tag="914" ind1=" " ind2=" "><subfield code="a">Journal:jnl124</subfield></datafield><datafield tag="914" ind1=" " ind2=" "><subfield code="f">Soil biology &amp; biochemistry</subfield></datafield><datafield tag="917" ind1=" " ind2=" "><subfield code="a">issued</subfield></datafield><datafield tag="930" ind1=" " ind2=" "><subfield code="a">20050812</subfield><subfield code="b">00000000</subfield><subfield code="c">00000000</subfield></datafield><datafield tag="935" ind1=" " ind2=" "><subfield code="a">IND43668371</subfield><subfield code="9">ExL</subfield></datafield><datafield tag="945" ind1=" " ind2=" "><subfield code="a">IND</subfield><subfield code="d">GAY</subfield><subfield code="e">2005/03/16</subfield></datafield><datafield tag="946" ind1=" " ind2=" "><subfield code="a">Non-US</subfield></datafield><datafield tag="952" ind1=" " ind2=" "><subfield code="a">20050812 00000000 00000000</subfield><subfield code="b">IND GAY 2005/03/16</subfield></datafield><datafield tag="974" ind1=" " ind2=" "><subfield code="a">agid:2552807</subfield></datafield><datafield tag="984" ind1=" " ind2=" "><subfield code="a">2014-12-22</subfield></datafield><datafield tag="985" ind1=" " ind2=" "><subfield code="a">Converted from MARCXML to MODS version 3.4 using MARC21slim2MODS3-4.xsl (Revision 1.95 2014/04/23)</subfield></datafield><datafield tag="986" ind1=" " ind2=" "><subfield code="a">3668371</subfield></datafield></record>