<record><leader>03871nab a2200757 u 4500</leader><controlfield tag="001">9915723694507426</controlfield><controlfield tag="005">20221123042713.0</controlfield><controlfield tag="008">100218e201001 xx |||||o|||||||||||eng||</controlfield><datafield tag="" ind1="7" ind2=" "><subfield code="a">IND44328552</subfield><subfield code="2">DNAL</subfield></datafield><datafield tag="024" ind1="7" ind2=" "><subfield code="a">10.1139/X09-187</subfield><subfield code="2">doi</subfield></datafield><datafield tag="035" ind1=" " ind2=" "><subfield code="a">agid:777155-01nal_inst</subfield></datafield><datafield tag="040" ind1=" " ind2=" "><subfield code="a">AGL</subfield><subfield code="b">eng</subfield><subfield code="c">AGL</subfield></datafield><datafield tag="072" ind1=" " ind2="0"><subfield code="a"> K250 </subfield></datafield><datafield tag="072" ind1=" " ind2="0"><subfield code="a"> F300 </subfield></datafield><datafield tag="072" ind1=" " ind2="0"><subfield code="a"> X100 </subfield></datafield><datafield tag="072" ind1=" " ind2="0"><subfield code="a"> B200 </subfield></datafield><datafield tag="100" ind1="1" ind2=" "><subfield code="a">Kipfmueller, Kurt F.</subfield></datafield><datafield tag="245" ind1="1" ind2="0"><subfield code="a">Linear trend and climate response of five-needle pines in the western United States related to treeline proximity</subfield></datafield><datafield tag="300" ind1=" " ind2=" "><subfield code="a">p. 134–142.</subfield></datafield><datafield tag="500" ind1=" " ind2=" "><subfield code="a">Includes references</subfield></datafield><datafield tag="500" ind1=" " ind2=" "><subfield code="a">Summary in French.</subfield></datafield><datafield tag="500" ind1=" " ind2=" "><subfield code="a">2019-12-06</subfield></datafield><datafield tag="520" ind1=" " ind2=" "><subfield code="a">Five-needle pines provide some of the world’s longest chronologies of paleoclimate interest. We examined 66 five-needle pine growth chronologies from 1896 to their end years using linear trend, correlation, and cluster analyses. Chronologies were categorized based on the sites’ proximity to upper treeline. A significant positive trend in ring width over the post-1896 interval was most common in upper treeline chronologies, but positive linear trend was found in all elevational proximity classes and all species. Cluster analysis of climate response patterns identified four groups exhibiting strong associations with (i) positive response to previous autumn, winter, and spring precipitation, (ii) positive response to spring and (or) summer precipitation coupled with an inverse relationship with summer temperature, (iii) positive response to winter and (or) spring precipitation coupled with an inverse relationship with spring temperature, and (iv) positive associations with temperature in all seasons except spring and no appreciative precipitation response. Most chronologies positively associated with temperatures were from sites located near upper treeline and also contain significant positive linear trend. Our results suggest that some five-needle pine treeline chronologies may be reliable predictors of past temperatures, but careful site selection is required.</subfield></datafield><datafield tag="593" ind1=" " ind2=" "><subfield code="a">PubAg article</subfield></datafield><datafield tag="650" ind1=" " ind2="3"><subfield code="a">tree growth</subfield></datafield><datafield tag="650" ind1=" " ind2="3"><subfield code="a">growth rings</subfield></datafield><datafield tag="650" ind1=" " ind2="3"><subfield code="a">Pinus longaeva</subfield></datafield><datafield tag="650" ind1=" " ind2="3"><subfield code="a">Pinus albicaulis</subfield></datafield><datafield tag="650" ind1=" " ind2="3"><subfield code="a">Pinus flexilis</subfield></datafield><datafield tag="650" ind1=" " ind2="3"><subfield code="a">spatial data</subfield></datafield><datafield tag="650" ind1=" " ind2="3"><subfield code="a">seasonal variation</subfield></datafield><datafield tag="650" ind1=" " ind2="3"><subfield code="a">altitude</subfield></datafield><datafield tag="650" ind1=" " ind2="3"><subfield code="a">Pinus aristata</subfield></datafield><datafield tag="650" ind1=" " ind2="3"><subfield code="a">treeline</subfield></datafield><datafield tag="650" ind1=" " ind2="3"><subfield code="a">statistical analysis</subfield></datafield><datafield tag="650" ind1=" " ind2="3"><subfield code="a">dendrochronology</subfield></datafield><datafield tag="650" ind1=" " ind2="3"><subfield code="a">temperature</subfield></datafield><datafield tag="650" ind1=" " ind2="3"><subfield code="a">conifers</subfield></datafield><datafield tag="650" ind1=" " ind2="3"><subfield code="a">climatic factors</subfield></datafield><datafield tag="650" ind1=" " ind2="3"><subfield code="a">paleoclimatology</subfield></datafield><datafield tag="651" ind1=" " ind2="3"><subfield code="a">Western United States</subfield></datafield><datafield tag="653" ind1=" " ind2="0"><subfield code="a">precipitation</subfield></datafield><datafield tag="653" ind1=" " ind2="0"><subfield code="a">cl</subfield></datafield><datafield tag="653" ind1=" " ind2="0"><subfield code="a">Pinus balfouriana</subfield></datafield><datafield tag="700" ind1="1" ind2=" "><subfield code="a">Salzer, Matthew W.</subfield></datafield><datafield tag="773" ind1="0" ind2=" "><subfield code="t">Canadian journal of forest research =.</subfield><subfield code="g">2010 Jan., v. 40, no. 1 p.134–142-134–142</subfield><subfield code="d">National Research Council of Canada</subfield><subfield code="w">Journal:jnl2003</subfield><subfield code="x">0045-5067</subfield><subfield code="7">nnas</subfield></datafield><datafield tag="787" ind1="1" ind2=" "><subfield code="o">islandora_article_repository</subfield></datafield><datafield tag="787" ind1="1" ind2=" "><subfield code="o">product_pubag</subfield></datafield><datafield tag="787" ind1="1" ind2=" "><subfield code="o">(Journal)jnl2003</subfield></datafield><datafield tag="852" ind1=" " ind2=" "><subfield code="a">DNAL</subfield></datafield><datafield tag="856" ind1="4" ind2="0"><subfield code="u">http://dx.doi.org/10.1139/X09-187</subfield><subfield code="3">Available from publisher's Web site</subfield></datafield><datafield tag="856" ind1="4" ind2="0"><subfield code="u">http://dx.doi.org/10.1139/X09-187</subfield></datafield><datafield tag="912" ind1=" " ind2=" "><subfield code="a">Article</subfield></datafield><datafield tag="914" ind1=" " ind2=" "><subfield code="a">Journal:jnl2003</subfield><subfield code="b">0045-5067</subfield><subfield code="c">40</subfield><subfield code="d">1</subfield><subfield code="e">134–142</subfield></datafield><datafield tag="914" ind1=" " ind2=" "><subfield code="f">Canadian journal of forest research =</subfield></datafield><datafield tag="917" ind1=" " ind2=" "><subfield code="a">issued</subfield></datafield><datafield tag="930" ind1=" " ind2=" "><subfield code="a">20100220</subfield><subfield code="b">20100305</subfield><subfield code="c">00000000</subfield></datafield><datafield tag="935" ind1=" " ind2=" "><subfield code="a">IND44328552</subfield><subfield code="9">ExL</subfield></datafield><datafield tag="945" ind1=" " ind2=" "><subfield code="a">IND</subfield><subfield code="d">LYN</subfield><subfield code="e">2010/02/19</subfield></datafield><datafield tag="946" ind1=" " ind2=" "><subfield code="a">Non-US</subfield></datafield><datafield tag="949" ind1=" " ind2=" "><subfield code="a">2014-07-17</subfield></datafield><datafield tag="952" ind1=" " ind2=" "><subfield code="a">20100220 20100305 00000000</subfield><subfield code="b">IND LYN 2010/02/19</subfield></datafield><datafield tag="974" ind1=" " ind2=" "><subfield code="a">agid:777155</subfield></datafield><datafield tag="984" ind1=" " ind2=" "><subfield code="a">2019-05-06</subfield></datafield><datafield tag="985" ind1=" " ind2=" "><subfield code="a">Converted from MARCXML to MODS version 3.4 using MARC21slim2MODS3-4.xsl (Revision 1.95 2014/04/23)</subfield></datafield><datafield tag="986" ind1=" " ind2=" "><subfield code="a">4328552</subfield></datafield></record>