<record><leader>03575nab a2200685 u 4500</leader><controlfield tag="001">9915723696407426</controlfield><controlfield tag="005">20221123044232.0</controlfield><controlfield tag="008">100218e201001 xx |||||o|||||||||||eng||</controlfield><datafield tag="" ind1="7" ind2=" "><subfield code="a">IND44328551</subfield><subfield code="2">DNAL</subfield></datafield><datafield tag="024" ind1="7" ind2=" "><subfield code="a">10.1139/X09-167</subfield><subfield code="2">doi</subfield></datafield><datafield tag="035" ind1=" " ind2=" "><subfield code="a">agid:777154-01nal_inst</subfield></datafield><datafield tag="040" ind1=" " ind2=" "><subfield code="a">AGL</subfield><subfield code="b">eng</subfield><subfield code="c">AGL</subfield></datafield><datafield tag="072" ind1=" " ind2="0"><subfield code="a">F821</subfield></datafield><datafield tag="072" ind1=" " ind2="0"><subfield code="a">F300</subfield></datafield><datafield tag="072" ind1=" " ind2="0"><subfield code="a">K250</subfield></datafield><datafield tag="072" ind1=" " ind2="0"><subfield code="a">X100</subfield></datafield><datafield tag="100" ind1="1" ind2=" "><subfield code="a">Albani, Marco</subfield></datafield><datafield tag="245" ind1="1" ind2="0"><subfield code="a">Predicting the impact of hemlock woolly adelgid on carbon dynamics of eastern United States forests</subfield></datafield><datafield tag="300" ind1=" " ind2=" "><subfield code="a">p. 119–133.</subfield></datafield><datafield tag="500" ind1=" " ind2=" "><subfield code="a">Includes references</subfield></datafield><datafield tag="500" ind1=" " ind2=" "><subfield code="a">Summary in French.</subfield></datafield><datafield tag="520" ind1=" " ind2=" "><subfield code="a">The hemlock woolly adelgid (HWA; Adelges tsugae Annand) is an introduced insect pest that threatens to decimate eastern hemlock (Tsuga canadensis (L.) Carriere) populations. In this study, we used the ecosystem demography model in conjunction with a stochastic model of HWA spread to predict the impact of HWA infestation on the current and future forest composition, structure, and carbon (C) dynamics in the eastern United States. The spread model predicted that on average the hemlock stands south and east of the Great Lakes would be infested by 2015, southern Michigan would be reached by 2020, and northeastern Minnesota by 2030. For the period 2000–2040, the ecosystem demography model predicted a mean reduction of 0.011 Pg C·year–1 (Pg C = 10(15) g C), an 8% decrease, in the uptake of carbon from eastern United States forests as a result of HWA-caused mortality, followed by an increased uptake of 0.015 Pg C·year–1 (a 12% increase) in the period 2040–2100, as the area recovers from the loss of hemlock. Overall, we conclude that while locally severe, HWA infestation is unlikely to have a significant impact on the regional patterns of carbon fluxes, given that eastern hemlock represents a limited fraction of the standing biomass of eastern forests and that it has relatively low productivity compared with the tree species that are likely to replace it.</subfield></datafield><datafield tag="593" ind1=" " ind2=" "><subfield code="a">PubAg article</subfield></datafield><datafield tag="650" ind1=" " ind2="3"><subfield code="a">Adelges tsugae</subfield></datafield><datafield tag="650" ind1=" " ind2="3"><subfield code="a">dispersal behavior</subfield></datafield><datafield tag="650" ind1=" " ind2="3"><subfield code="a">insect pests</subfield></datafield><datafield tag="650" ind1=" " ind2="3"><subfield code="a">spatial distribution</subfield></datafield><datafield tag="650" ind1=" " ind2="3"><subfield code="a">mixed forests</subfield></datafield><datafield tag="650" ind1=" " ind2="3"><subfield code="a">stand structure</subfield></datafield><datafield tag="650" ind1=" " ind2="3"><subfield code="a">stand composition</subfield></datafield><datafield tag="650" ind1=" " ind2="3"><subfield code="a">carbon</subfield></datafield><datafield tag="650" ind1=" " ind2="3"><subfield code="a">simulation models</subfield></datafield><datafield tag="650" ind1=" " ind2="3"><subfield code="a">equations</subfield></datafield><datafield tag="650" ind1=" " ind2="3"><subfield code="a">Tsuga canadensis</subfield></datafield><datafield tag="650" ind1=" " ind2="3"><subfield code="a">forest pests</subfield></datafield><datafield tag="651" ind1=" " ind2="3"><subfield code="a">Eastern United States</subfield></datafield><datafield tag="700" ind1="1" ind2=" "><subfield code="a">Moorcroft, Paul R.</subfield></datafield><datafield tag="700" ind1="1" ind2=" "><subfield code="a">Ellison, Aaron M.</subfield></datafield><datafield tag="700" ind1="1" ind2=" "><subfield code="a">Orwig, David A.</subfield></datafield><datafield tag="700" ind1="1" ind2=" "><subfield code="a">Foster, David R.</subfield></datafield><datafield tag="773" ind1="0" ind2=" "><subfield code="t">Canadian journal of forest research =.</subfield><subfield code="g">2010 Jan., v. 40, no. 1 p.119–133-119–133</subfield><subfield code="d">National Research Council of Canada</subfield><subfield code="x">0045-5067</subfield><subfield code="7">nnas</subfield></datafield><datafield tag="787" ind1="1" ind2=" "><subfield code="o">islandora_article_repository</subfield></datafield><datafield tag="787" ind1="1" ind2=" "><subfield code="o">product_pubag</subfield></datafield><datafield tag="787" ind1="1" ind2=" "><subfield code="o">(Journal)jnl2003</subfield></datafield><datafield tag="852" ind1=" " ind2=" "><subfield code="a">DNAL</subfield></datafield><datafield tag="856" ind1="4" ind2="0"><subfield code="u">http://dx.doi.org/10.1139/X09-167</subfield><subfield code="3">Available from publisher's Web site</subfield></datafield><datafield tag="912" ind1=" " ind2=" "><subfield code="a">Article</subfield></datafield><datafield tag="914" ind1=" " ind2=" "><subfield code="a">Journal:jnl2003</subfield><subfield code="b">0045-5067</subfield><subfield code="c">40</subfield><subfield code="d">1</subfield><subfield code="e">119–133</subfield></datafield><datafield tag="914" ind1=" " ind2=" "><subfield code="f">Canadian journal of forest research =</subfield></datafield><datafield tag="917" ind1=" " ind2=" "><subfield code="a">issued</subfield></datafield><datafield tag="930" ind1=" " ind2=" "><subfield code="a">20100220</subfield><subfield code="b">20100305</subfield><subfield code="c">00000000</subfield></datafield><datafield tag="935" ind1=" " ind2=" "><subfield code="a">IND44328551</subfield><subfield code="9">ExL</subfield></datafield><datafield tag="945" ind1=" " ind2=" "><subfield code="a">IND</subfield><subfield code="d">LYN</subfield><subfield code="e">2010/02/19</subfield></datafield><datafield tag="946" ind1=" " ind2=" "><subfield code="a">Non-US</subfield></datafield><datafield tag="949" ind1=" " ind2=" "><subfield code="a">2014-07-17</subfield></datafield><datafield tag="952" ind1=" " ind2=" "><subfield code="a">20100220 20100305 00000000</subfield><subfield code="b">IND LYN 2010/02/19</subfield></datafield><datafield tag="974" ind1=" " ind2=" "><subfield code="a">agid:777154</subfield></datafield><datafield tag="984" ind1=" " ind2=" "><subfield code="a">2014-07-25</subfield></datafield><datafield tag="985" ind1=" " ind2=" "><subfield code="a">Converted from MARCXML to MODS version 3.4 using MARC21slim2MODS3-4.xsl (Revision 1.95 2014/04/23)</subfield></datafield><datafield tag="986" ind1=" " ind2=" "><subfield code="a">4328551</subfield></datafield></record>