<record><leader>04894nab a2200781 u 4500</leader><controlfield tag="001">9915723879807426</controlfield><controlfield tag="005">20221120214227.0</controlfield><controlfield tag="008">190403e20171115xx |||||o|||||||||||eng||</controlfield><datafield tag="" ind1="7" ind2=" "><subfield code="a">IND605824789</subfield><subfield code="2">DNAL</subfield></datafield><datafield tag="024" ind1="7" ind2=" "><subfield code="a">10.1/j.foreco.2017.09.012</subfield><subfield code="2">doi</subfield></datafield><datafield tag="024" ind1="7" ind2=" "><subfield code="a">10.1/j.foreco.2017.09.012</subfield><subfield code="2">chorus</subfield></datafield><datafield tag="035" ind1=" " ind2=" "><subfield code="a">agid:5824789-01nal_inst</subfield></datafield><datafield tag="040" ind1=" " ind2=" "><subfield code="a">AGL</subfield><subfield code="b">eng</subfield><subfield code="c">AGL</subfield></datafield><datafield tag="100" ind1="1" ind2=" "><subfield code="a">Rodman, Kyle C.</subfield><subfield code="e">author</subfield><subfield code="u">University of Colorado Boulder, Department of Geography, 260 UCB, Boulder, CO 80309, United States</subfield></datafield><datafield tag="245" ind1="1" ind2="0"><subfield code="a">Reference conditions are influenced by the physical template and vary by forest type: A synthesis of Pinus ponderosa-dominated sites in the southwestern United States</subfield></datafield><datafield tag="300" ind1=" " ind2=" "><subfield code="a">p. 316-329.</subfield></datafield><datafield tag="506" ind1=" " ind2=" "><subfield code="a">Resource is Open Access</subfield><subfield code="u">http://purl.org/eprint/accessRights/OpenAccess</subfield><subfield code="f">Unrestricted online access</subfield><subfield code="2">star</subfield></datafield><datafield tag="506" ind1=" " ind2=" "><subfield code="a">CHORUS License Information</subfield><subfield code="f">Unrestricted online access</subfield><subfield code="2">star</subfield></datafield><datafield tag="520" ind1=" " ind2=" "><subfield code="a">Natural ranges of ecosystem variability (NRVs) describe the array of conditions and processes common to relatively intact or natural ecosystems, and are used to help land managers plan ecological restoration efforts and better understand ecosystem dynamics. In an effort to describe the variation in forest reference conditions and NRVs related to forest structure and spatial pattern across the American Southwest (Arizona and New Mexico, USA) prior to widespread fire exclusion (ca. late 1800s), we used historical inventory data and dendrochronology to reconstruct 33 Pinus ponderosa-dominated sites (0.8–3.2ha in size) throughout the region. Though the historical stand densities, species compositions, tree spatial patterns, and modern increases in density varied widely among sites, site-level differences could partially be explained by abiotic factors and by forest type. Soil parent material and US Forest Service Terrestrial Ecosystem Units (TEUs) were important predictors of historical stand density, and species composition was a significant predictor of spatial pattern on our sites, with sites dominated by Pinus ponderosa and Quercus gambelii showing more distinct clustering of overstory trees. Reconstructed stand density (live trees ha−1) was also correlated with the proportion of trees found in groups. Lastly, the sites showing the smallest increases in stand density tended to be in the warmest, driest locations studied, suggesting that densities in these types of sites may be climatically limited and have changed comparatively less since the late 1800s.</subfield></datafield><datafield tag="592" ind1=" " ind2=" "><subfield code="a">Publisher supplied data</subfield></datafield><datafield tag="593" ind1=" " ind2=" "><subfield code="a">PubAg article</subfield></datafield><datafield tag="596" ind1=" " ind2=" "><subfield code="c">Northern Arizona University</subfield><subfield code="d">https://doi.org/10.13039/100008883</subfield></datafield><datafield tag="596" ind1=" " ind2=" "><subfield code="c">USDA</subfield><subfield code="d">https://doi.org/10.13039/100000199</subfield></datafield><datafield tag="650" ind1=" " ind2="3"><subfield code="a">Pinus ponderosa</subfield></datafield><datafield tag="650" ind1=" " ind2="3"><subfield code="a">Quercus gambelii</subfield></datafield><datafield tag="650" ind1=" " ind2="3"><subfield code="a">USDA Forest Service</subfield></datafield><datafield tag="650" ind1=" " ind2="3"><subfield code="a">dendrochronology</subfield></datafield><datafield tag="650" ind1=" " ind2="3"><subfield code="a">ecological restoration</subfield></datafield><datafield tag="650" ind1=" " ind2="3"><subfield code="a">environmental factors</subfield></datafield><datafield tag="650" ind1=" " ind2="3"><subfield code="a">forest types</subfield></datafield><datafield tag="650" ind1=" " ind2="3"><subfield code="a">inventories</subfield></datafield><datafield tag="650" ind1=" " ind2="3"><subfield code="a">overstory</subfield></datafield><datafield tag="650" ind1=" " ind2="3"><subfield code="a">species diversity</subfield></datafield><datafield tag="650" ind1=" " ind2="3"><subfield code="a">stand density</subfield></datafield><datafield tag="650" ind1=" " ind2="3"><subfield code="a">terrestrial ecosystems</subfield></datafield><datafield tag="650" ind1=" " ind2="3"><subfield code="a">trees</subfield></datafield><datafield tag="651" ind1=" " ind2="3"><subfield code="a">Arizona</subfield></datafield><datafield tag="651" ind1=" " ind2="3"><subfield code="a">New Mexico</subfield></datafield><datafield tag="653" ind1=" " ind2="0"><subfield code="a">NRV</subfield></datafield><datafield tag="653" ind1=" " ind2="0"><subfield code="a">Spatial ecology</subfield></datafield><datafield tag="653" ind1=" " ind2="0"><subfield code="a">Historical reconstruction</subfield></datafield><datafield tag="653" ind1=" " ind2="0"><subfield code="a">Dendrochronology</subfield></datafield><datafield tag="653" ind1=" " ind2="0"><subfield code="a">Abiotic factors</subfield></datafield><datafield tag="653" ind1=" " ind2="0"><subfield code="a">Species composition</subfield></datafield><datafield tag="653" ind1=" " ind2="0"><subfield code="a">Ponderosa pine</subfield></datafield><datafield tag="653" ind1=" " ind2="0"><subfield code="a">American Southwest</subfield></datafield><datafield tag="700" ind1="1" ind2=" "><subfield code="a">Sánchez Meador, Andrew J.</subfield><subfield code="e">author</subfield><subfield code="u">Ecological Restoration Institute, Northern Arizona University, 200 East Pine Knoll Drive, Room 116, Flagstaff, AZ 86011, United States</subfield></datafield><datafield tag="700" ind1="1" ind2=" "><subfield code="a">Moore, Margaret M.</subfield><subfield code="e">author</subfield><subfield code="u">School of Forestry, Northern Arizona University, 200 East Pine Knoll Drive, Room 116, Flagstaff, AZ 86011, United States</subfield></datafield><datafield tag="700" ind1="1" ind2=" "><subfield code="a">Huffman, David W.</subfield><subfield code="e">author</subfield><subfield code="u">Ecological Restoration Institute, Northern Arizona University, 200 East Pine Knoll Drive, Room 116, Flagstaff, AZ 86011, United States</subfield></datafield><datafield tag="773" ind1="0" ind2=" "><subfield code="t">Forest ecology and management.</subfield><subfield code="g">2017 Nov. 15, v. 404 p.316-329</subfield><subfield code="d">Elsevier B.V.</subfield><subfield code="w">Journal:jnl9013</subfield><subfield code="x">0378-1127</subfield><subfield code="7">nnas</subfield></datafield><datafield tag="787" ind1="1" ind2=" "><subfield code="o">islandora_article_repository</subfield></datafield><datafield tag="787" ind1="1" ind2=" "><subfield code="o">product_pubag</subfield></datafield><datafield tag="787" ind1="1" ind2=" "><subfield code="o">(Journal)jnl9013</subfield></datafield><datafield tag="856" ind1="4" ind2="0"><subfield code="u">https://dx.doi.org/10.1/j.foreco.2017.09.012</subfield><subfield code="3">Available from publisher's site</subfield></datafield><datafield tag="912" ind1=" " ind2=" "><subfield code="a">Article</subfield></datafield><datafield tag="914" ind1=" " ind2=" "><subfield code="a">Journal:jnl9013</subfield><subfield code="b">0378-1127</subfield><subfield code="c">404</subfield><subfield code="e">316</subfield></datafield><datafield tag="914" ind1=" " ind2=" "><subfield code="f">Forest ecology and management</subfield></datafield><datafield tag="916" ind1=" " ind2=" "><subfield code="a">Batch:1851</subfield></datafield><datafield tag="917" ind1=" " ind2=" "><subfield code="a">issued</subfield></datafield><datafield tag="918" ind1="2" ind2=" "><subfield code="a">Elsevier Consyn</subfield><subfield code="e">provider</subfield><subfield code="5">DNAL</subfield></datafield><datafield tag="935" ind1=" " ind2=" "><subfield code="a">IND605824789</subfield><subfield code="9">ExL</subfield></datafield><datafield tag="949" ind1=" " ind2=" "><subfield code="a">2020-03-06</subfield></datafield><datafield tag="953" ind1=" " ind2=" "><subfield code="a" >/data/metadata/incoming/consyn-backfiles/46-2-00065-HEAD-ONLY.zip</subfield></datafield><datafield tag="954" ind1=" " ind2=" "><subfield code="a" >file:/data/metadata/staging/consyn-backfiles/S0378112717310034.xml</subfield></datafield><datafield tag="955" ind1=" " ind2=" "><subfield code="a">/data/metadata/staging/consyn-backfiles/</subfield></datafield><datafield tag="974" ind1=" " ind2=" "><subfield code="a">agid:5824789</subfield></datafield><datafield tag="983" ind1=" " ind2=" "><subfield code="a">2019-04-03</subfield></datafield><datafield tag="984" ind1=" " ind2=" "><subfield code="a">2022-09-06</subfield></datafield></record>