<record><leader>03964nab a2200613 u 4500</leader><controlfield tag="001">9915724007307426</controlfield><controlfield tag="005">20221122062753.0</controlfield><controlfield tag="008">190403e20171115xx |||||o|||||||||||eng||</controlfield><datafield tag="" ind1="7" ind2=" "><subfield code="a">IND605824760</subfield><subfield code="2">DNAL</subfield></datafield><datafield tag="024" ind1="7" ind2=" "><subfield code="a">10.1/j.foreco.2017.08.036</subfield><subfield code="2">doi</subfield></datafield><datafield tag="035" ind1=" " ind2=" "><subfield code="a">agid:5824760-01nal_inst</subfield></datafield><datafield tag="040" ind1=" " ind2=" "><subfield code="a">AGL</subfield><subfield code="b">eng</subfield><subfield code="c">AGL</subfield></datafield><datafield tag="100" ind1="1" ind2=" "><subfield code="a">Rimle, Andrina</subfield><subfield code="e">author</subfield><subfield code="u">Forest Ecology, Institute of Terrestrial Ecosystems, Department of Environmental Systems Science, ETH Zurich, 8092 Zurich, Switzerland</subfield></datafield><datafield tag="245" ind1="1" ind2="0"><subfield code="a">Deadwood in Norway spruce dominated mountain forest reserves is characterized by large dimensions and advanced decomposition stages</subfield></datafield><datafield tag="300" ind1=" " ind2=" "><subfield code="a">p. 174-183.</subfield></datafield><datafield tag="520" ind1=" " ind2=" "><subfield code="a">Deadwood provides key habitats for a variety of forest species. Thereby, not only deadwood quantity, but also its quality (dimensions and decay stages) as well as its spatial distribution is of importance for the presence of specific species, but assessments of these properties are rare. We provide a comprehensive analysis of deadwood characteristics in seven Norway spruce (Picea abies) dominated natural forest reserves in Swiss mountain regions, with a particular focus on lying deadwood.On average, the reserves featured lying deadwood volumes of 80±23 m3/ha (range 1–343m3/ha), generally consisting of large dimensions and advanced decomposition stages, two features particularly important for saproxylic species. Standing deadwood volumes averaged 32±23m3/ha (range 2–124m3/ha). These values of deadwood quantity and quality are comparable to or even higher than in other deciduous and coniferous forest reserves across Europe. With respect to the spatial distribution of deadwood, we found two patterns of tree fall: (1) wind disturbances resulted in uniformly oriented lying deadwood (i.e., logs having similar orientation), and (2) small-scale, stand-internal mortality causing rather randomly oriented logs.Traces of former management are still visible in the study plots, and the investigated forest reserves do not feature the characteristics of virgin forests yet. Nevertheless, our results are helpful to elaborate and examine biodiversity strategies with respect to targeted deadwood levels in managed forests.</subfield></datafield><datafield tag="592" ind1=" " ind2=" "><subfield code="a">Publisher supplied data</subfield></datafield><datafield tag="593" ind1=" " ind2=" "><subfield code="a">PubAg article</subfield></datafield><datafield tag="650" ind1=" " ind2="3"><subfield code="a">Picea abies</subfield></datafield><datafield tag="650" ind1=" " ind2="3"><subfield code="a">biodiversity</subfield></datafield><datafield tag="650" ind1=" " ind2="3"><subfield code="a">coniferous forests</subfield></datafield><datafield tag="650" ind1=" " ind2="3"><subfield code="a">dead wood</subfield></datafield><datafield tag="650" ind1=" " ind2="3"><subfield code="a">forest reserves</subfield></datafield><datafield tag="650" ind1=" " ind2="3"><subfield code="a">habitats</subfield></datafield><datafield tag="650" ind1=" " ind2="3"><subfield code="a">mortality</subfield></datafield><datafield tag="650" ind1=" " ind2="3"><subfield code="a">trees</subfield></datafield><datafield tag="650" ind1=" " ind2="3"><subfield code="a">virgin forests</subfield></datafield><datafield tag="650" ind1=" " ind2="3"><subfield code="a">wind</subfield></datafield><datafield tag="651" ind1=" " ind2="3"><subfield code="a">Europe</subfield></datafield><datafield tag="653" ind1=" " ind2="0"><subfield code="a">Deadwood</subfield></datafield><datafield tag="653" ind1=" " ind2="0"><subfield code="a">Natural forest reserve</subfield></datafield><datafield tag="653" ind1=" " ind2="0"><subfield code="a">Biodiversity policy</subfield></datafield><datafield tag="653" ind1=" " ind2="0"><subfield code="a">Target values</subfield></datafield><datafield tag="700" ind1="1" ind2=" "><subfield code="a">Heiri, Caroline</subfield><subfield code="e">author</subfield><subfield code="u">Swiss Federal Institute for Forest, Snow and Landscape Research WSL, Zürcherstrasse 111, 8903 Birmensdorf, Switzerland</subfield></datafield><datafield tag="700" ind1="1" ind2=" "><subfield code="a">Bugmann, Harald</subfield><subfield code="e">author</subfield><subfield code="u">Forest Ecology, Institute of Terrestrial Ecosystems, Department of Environmental Systems Science, ETH Zurich, 8092 Zurich, Switzerland</subfield></datafield><datafield tag="773" ind1="0" ind2=" "><subfield code="t">Forest ecology and management.</subfield><subfield code="g">2017 Nov. 15, v. 404 p.174-183</subfield><subfield code="d">Elsevier B.V.</subfield><subfield code="w">Journal:jnl9013</subfield><subfield code="x">0378-1127</subfield><subfield code="7">nnas</subfield></datafield><datafield tag="787" ind1="1" ind2=" "><subfield code="o">islandora_article_repository</subfield></datafield><datafield tag="787" ind1="1" ind2=" "><subfield code="o">product_pubag</subfield></datafield><datafield tag="787" ind1="1" ind2=" "><subfield code="o">(Journal)jnl9013</subfield></datafield><datafield tag="856" ind1="4" ind2="0"><subfield code="u">https://dx.doi.org/10.1/j.foreco.2017.08.036</subfield><subfield code="3">Available from publisher's site</subfield></datafield><datafield tag="912" ind1=" " ind2=" "><subfield code="a">Article</subfield></datafield><datafield tag="914" ind1=" " ind2=" "><subfield code="a">Journal:jnl9013</subfield><subfield code="b">0378-1127</subfield><subfield code="c">404</subfield><subfield code="e">174</subfield></datafield><datafield tag="914" ind1=" " ind2=" "><subfield code="f">Forest ecology and management</subfield></datafield><datafield tag="916" ind1=" " ind2=" "><subfield code="a">Batch:1851</subfield></datafield><datafield tag="917" ind1=" " ind2=" "><subfield code="a">issued</subfield></datafield><datafield tag="918" ind1="2" ind2=" "><subfield code="a">Elsevier Consyn</subfield><subfield code="e">provider</subfield><subfield code="5">DNAL</subfield></datafield><datafield tag="935" ind1=" " ind2=" "><subfield code="a">IND605824760</subfield><subfield code="9">ExL</subfield></datafield><datafield tag="949" ind1=" " ind2=" "><subfield code="a">2019-04-03</subfield></datafield><datafield tag="953" ind1=" " ind2=" "><subfield code="a" >/data/metadata/incoming/consyn-backfiles/46-2-00065-HEAD-ONLY.zip</subfield></datafield><datafield tag="954" ind1=" " ind2=" "><subfield code="a" >file:/data/metadata/staging/consyn-backfiles/S0378112717305327.xml</subfield></datafield><datafield tag="955" ind1=" " ind2=" "><subfield code="a">/data/metadata/staging/consyn-backfiles/</subfield></datafield><datafield tag="974" ind1=" " ind2=" "><subfield code="a">agid:5824760</subfield></datafield><datafield tag="983" ind1=" " ind2=" "><subfield code="a">2019-04-03</subfield></datafield><datafield tag="984" ind1=" " ind2=" "><subfield code="a">2019-04-03</subfield></datafield></record>