<record><leader>04180nab a2200625 u 4500</leader><controlfield tag="001">9915724260807426</controlfield><controlfield tag="005">20221120152248.0</controlfield><controlfield tag="008">041006e200404 xx |||||o|||||||||||eng||</controlfield><datafield tag="" ind1="7" ind2=" "><subfield code="a">IND43648242</subfield><subfield code="2">DNAL</subfield></datafield><datafield tag="035" ind1=" " ind2=" "><subfield code="a">agid:2552689-01nal_inst</subfield></datafield><datafield tag="040" ind1=" " ind2=" "><subfield code="a">AGL</subfield><subfield code="b">eng</subfield><subfield code="c">AGL</subfield></datafield><datafield tag="072" ind1=" " ind2="0"><subfield code="a"> J100 </subfield></datafield><datafield tag="072" ind1=" " ind2="0"><subfield code="a"> K001 </subfield></datafield><datafield tag="100" ind1="1" ind2=" "><subfield code="a">Lazarova, S.S.</subfield></datafield><datafield tag="245" ind1="1" ind2="0"><subfield code="a">Spatial patterns of variation in the composition and structure of nematode communities in relation to different microhabitats: a case study of Quercus dalechampii Ten. forest</subfield></datafield><datafield tag="300" ind1=" " ind2=" "><subfield code="a">p. 701-712.</subfield></datafield><datafield tag="520" ind1=" " ind2=" "><subfield code="a">Variability in the spatial distribution of nematode communities in relation to the structural heterogeneity of the environment was studied in nine different microhabitats within a relatively small area of a natural oak forest in Bulgaria. Maturity and diversity indices, trophic structure and the distribution of colonizer-persister groups were applied to analyze the quality of substrate and ecological processes involved from a functional point of view. Two main groups of nematode communities, below- and above-ground, were distinguished in terms of the location of the microhabitats. Our results indicated a higher percentage similarity between nematode communities inhabiting microhabitats with a higher resemblance in substrate structure, and abiotic and biotic conditions than between microhabitats with more dissimilar microenvironmental conditions. The application of Detrended Correspondence Analysis helped to reveal two ecological gradients. The first one was from microhabitats characterized by smaller fluctuations in microclimatic conditions and nutrient supply to microhabitats with more adverse abiotic conditions and dynamics of food resources. Along this gradient from below- to above-ground microhabitats, the proportion of general opportunists (cp 2 taxa) increased, whereas the diversity, MI and the proportions of persisters (cp (3-5) taxa), decreased. Along the second gradient a gradual decrease in the decomposition rate within above-ground microhabitats was revealed, which was indicated by the proportion of enrichment opportunists (cp 1 taxa). The nematode communities of decaying wood had the most specific cp groups' distribution characterized by a high proportion of enrichment opportunists (colonizers). Each microhabitat has developed nematode communities with a characteristic trophic structure that was related to the relative importance of primary production and decomposition processes occurring within the microhabitat. The nematode communities of mosses growing on soil, stones and tree trunks had similar trophic structure dominated by bacterial-feeding nematode taxa. Our results supported the role of nematode communities as potential indicators of environmental conditions.</subfield></datafield><datafield tag="650" ind1=" " ind2="3"><subfield code="a">Quercus</subfield></datafield><datafield tag="650" ind1=" " ind2="3"><subfield code="a">forest soils</subfield></datafield><datafield tag="650" ind1=" " ind2="3"><subfield code="a">spatial variation</subfield></datafield><datafield tag="650" ind1=" " ind2="3"><subfield code="a">soil nematodes</subfield></datafield><datafield tag="650" ind1=" " ind2="3"><subfield code="a">community structure</subfield></datafield><datafield tag="650" ind1=" " ind2="3"><subfield code="a">species diversity</subfield></datafield><datafield tag="650" ind1=" " ind2="3"><subfield code="a">microhabitats</subfield></datafield><datafield tag="650" ind1=" " ind2="3"><subfield code="a">forest litter</subfield></datafield><datafield tag="650" ind1=" " ind2="3"><subfield code="a">decayed wood</subfield></datafield><datafield tag="650" ind1=" " ind2="3"><subfield code="a">bark</subfield></datafield><datafield tag="650" ind1=" " ind2="3"><subfield code="a">case studies</subfield></datafield><datafield tag="650" ind1=" " ind2="3"><subfield code="a">spatial distribution</subfield></datafield><datafield tag="650" ind1=" " ind2="3"><subfield code="a">ecological function</subfield></datafield><datafield tag="650" ind1=" " ind2="3"><subfield code="a">population size</subfield></datafield><datafield tag="650" ind1=" " ind2="3"><subfield code="a">colonizing ability</subfield></datafield><datafield tag="650" ind1=" " ind2="3"><subfield code="a">trophic relationships</subfield></datafield><datafield tag="651" ind1=" " ind2="3"><subfield code="a">Bulgaria</subfield></datafield><datafield tag="653" ind1=" " ind2="0"><subfield code="a">Quercus dalechampii</subfield></datafield><datafield tag="700" ind1="1" ind2=" "><subfield code="a">Goede, R.G.M. de</subfield></datafield><datafield tag="700" ind1="1" ind2=" "><subfield code="a">Peneva, V.K.</subfield></datafield><datafield tag="700" ind1="1" ind2=" "><subfield code="a">Bongers, T.</subfield></datafield><datafield tag="773" ind1="0" ind2=" "><subfield code="t">Soil biology &amp; biochemistry.</subfield><subfield code="g">2004 Apr., v. 36, no. 4 p.701-712</subfield><subfield code="x">0038-0717</subfield><subfield code="7">nnas</subfield></datafield><datafield tag="787" ind1="1" ind2=" "><subfield code="o">islandora_article_repository</subfield></datafield><datafield tag="787" ind1="1" ind2=" "><subfield code="o">(Journal)jnl124</subfield></datafield><datafield tag="852" ind1=" " ind2=" "><subfield code="a">DNAL</subfield></datafield><datafield tag="912" ind1=" " ind2=" "><subfield code="a">Article</subfield></datafield><datafield tag="914" ind1=" " ind2=" "><subfield code="a">Journal:jnl124</subfield></datafield><datafield tag="914" ind1=" " ind2=" "><subfield code="f">Soil biology &amp; biochemistry</subfield></datafield><datafield tag="917" ind1=" " ind2=" "><subfield code="a">issued</subfield></datafield><datafield tag="930" ind1=" " ind2=" "><subfield code="a">20041221</subfield><subfield code="b">00000000</subfield><subfield code="c">00000000</subfield></datafield><datafield tag="935" ind1=" " ind2=" "><subfield code="a">IND43648242</subfield><subfield code="9">ExL</subfield></datafield><datafield tag="945" ind1=" " ind2=" "><subfield code="a">IND</subfield><subfield code="d">GAY</subfield><subfield code="e">2004/12/21</subfield></datafield><datafield tag="946" ind1=" " ind2=" "><subfield code="a">Non-US</subfield></datafield><datafield tag="952" ind1=" " ind2=" "><subfield code="a">20041221 00000000 00000000</subfield><subfield code="b">IND GAY 2004/12/21</subfield></datafield><datafield tag="974" ind1=" " ind2=" "><subfield code="a">agid:2552689</subfield></datafield><datafield tag="984" ind1=" " ind2=" "><subfield code="a">2014-12-22</subfield></datafield><datafield tag="985" ind1=" " ind2=" "><subfield code="a">Converted from MARCXML to MODS version 3.4 using MARC21slim2MODS3-4.xsl (Revision 1.95 2014/04/23)</subfield></datafield><datafield tag="986" ind1=" " ind2=" "><subfield code="a">3648242</subfield></datafield></record>