<record><leader>03636nab a2200709 u 4500</leader><controlfield tag="001">9915724280007426</controlfield><controlfield tag="005">20221120183224.0</controlfield><controlfield tag="008">080606e200806 xx |||||o|||||||||||eng||</controlfield><datafield tag="" ind1="7" ind2=" "><subfield code="a">IND44064156</subfield><subfield code="2">DNAL</subfield></datafield><datafield tag="024" ind1="7" ind2=" "><subfield code="a">10.1111/j.1365-2028.2007.00830.x</subfield><subfield code="2">doi</subfield></datafield><datafield tag="035" ind1=" " ind2=" "><subfield code="a">agid:2103838-01nal_inst</subfield></datafield><datafield tag="040" ind1=" " ind2=" "><subfield code="a">AGL</subfield><subfield code="b">eng</subfield><subfield code="c">AGL</subfield></datafield><datafield tag="100" ind1="1" ind2=" "><subfield code="a">Dell'Arte, Graziella Lucia</subfield></datafield><datafield tag="245" ind1="1" ind2="0"><subfield code="a">Spatial patterns of red fox (Vulpes vulpes) dens in a semi-arid landscape of North Africa</subfield></datafield><datafield tag="300" ind1=" " ind2=" "><subfield code="a">p. 168-173.</subfield></datafield><datafield tag="520" ind1=" " ind2=" "><subfield code="a">Different patterns of the use of space by red foxes (Vulpes vulpes) depend mainly on the distribution and availability of food patches. Nevertheless, other key resources such as suitable areas for dens can also influence the territory size and social organization of this predator. In fact, landscape modifications such as habitat patchiness made by human activities (agricultural practices, urbanization) should create ample unfavourable zones for den settlement. Several studies focused on the distribution and use of dens by the red fox in different habitat types but we do not have any data on the den settlement and habitat composition in the semi-arid regions of North Africa. This study was carried out at Djerba island (SE Tunisia), virtually deprived of surface water and with a semi-arid climate because of the bordering Sahara desert. We used line and random transects to find fox dens. The spatial pattern of dens varied mainly in different habitat types and geoclimatic regions. Highly fragmented areas were also occupied by foxes that built dens close together inside small suitable patches. Fox dens had fewer entrances in more arid regions and they mainly faced the south. Habitat selection was influenced by water availability and irrigated tree plantations that modify soil textures allowing digging of dens. Moreover, asphalt roads limit den settlements. We suggest that the choice of denning sites by foxes depends on persisting harsh conditions and human activities.</subfield></datafield><datafield tag="593" ind1=" " ind2=" "><subfield code="a">PubAg article</subfield></datafield><datafield tag="650" ind1=" " ind2="3"><subfield code="a">Vulpes vulpes</subfield></datafield><datafield tag="650" ind1=" " ind2="3"><subfield code="a">arid zones</subfield></datafield><datafield tag="650" ind1=" " ind2="3"><subfield code="a">bitumen</subfield></datafield><datafield tag="650" ind1=" " ind2="3"><subfield code="a">food availability</subfield></datafield><datafield tag="650" ind1=" " ind2="3"><subfield code="a">foxes</subfield></datafield><datafield tag="650" ind1=" " ind2="3"><subfield code="a">habitat preferences</subfield></datafield><datafield tag="650" ind1=" " ind2="3"><subfield code="a">habitats</subfield></datafield><datafield tag="650" ind1=" " ind2="3"><subfield code="a">humans</subfield></datafield><datafield tag="650" ind1=" " ind2="3"><subfield code="a">irrigation</subfield></datafield><datafield tag="650" ind1=" " ind2="3"><subfield code="a">landscapes</subfield></datafield><datafield tag="650" ind1=" " ind2="3"><subfield code="a">plantations</subfield></datafield><datafield tag="650" ind1=" " ind2="3"><subfield code="a">roads</subfield></datafield><datafield tag="650" ind1=" " ind2="3"><subfield code="a">semiarid zones</subfield></datafield><datafield tag="650" ind1=" " ind2="3"><subfield code="a">social structure</subfield></datafield><datafield tag="650" ind1=" " ind2="3"><subfield code="a">soil texture</subfield></datafield><datafield tag="650" ind1=" " ind2="3"><subfield code="a">surface water</subfield></datafield><datafield tag="650" ind1=" " ind2="3"><subfield code="a">territoriality</subfield></datafield><datafield tag="650" ind1=" " ind2="3"><subfield code="a">urbanization</subfield></datafield><datafield tag="651" ind1=" " ind2="3"><subfield code="a">Sahara Desert</subfield></datafield><datafield tag="651" ind1=" " ind2="3"><subfield code="a">Tunisia</subfield></datafield><datafield tag="653" ind1=" " ind2="0"><subfield code="a">den settlement</subfield></datafield><datafield tag="653" ind1=" " ind2="0"><subfield code="a">habitat types</subfield></datafield><datafield tag="653" ind1=" " ind2="0"><subfield code="a">patchiness</subfield></datafield><datafield tag="700" ind1="1" ind2=" "><subfield code="a">Leonardi, Giovanni</subfield></datafield><datafield tag="773" ind1="0" ind2=" "><subfield code="t">African journal of ecology.</subfield><subfield code="g">2008 June, v. 46, no. 2 p.168-173</subfield><subfield code="d">Oxford, UK : Blackwell Publishing Ltd</subfield><subfield code="x">0141-6707</subfield><subfield code="7">nnas</subfield></datafield><datafield tag="787" ind1="1" ind2=" "><subfield code="o">islandora_article_repository</subfield></datafield><datafield tag="787" ind1="1" ind2=" "><subfield code="o">product_pubag</subfield></datafield><datafield tag="787" ind1="1" ind2=" "><subfield code="o">(Journal)jnl31087</subfield></datafield><datafield tag="852" ind1=" " ind2=" "><subfield code="a">DNAL</subfield></datafield><datafield tag="856" ind1="4" ind2="0"><subfield code="u">http://dx.doi.org/10.1111/j.1365-2028.2007.00830.x</subfield><subfield code="3">Available from publisher's Web site</subfield></datafield><datafield tag="912" ind1=" " ind2=" "><subfield code="a">Article</subfield></datafield><datafield tag="914" ind1=" " ind2=" "><subfield code="a">Journal:jnl31087</subfield></datafield><datafield tag="914" ind1=" " ind2=" "><subfield code="f">African journal of ecology</subfield></datafield><datafield tag="916" ind1=" " ind2=" "><subfield code="a">Batch:1245</subfield></datafield><datafield tag="917" ind1=" " ind2=" "><subfield code="a">issued</subfield></datafield><datafield tag="930" ind1=" " ind2=" "><subfield code="a">20080606</subfield><subfield code="b">20080704</subfield><subfield code="c">00000000</subfield></datafield><datafield tag="935" ind1=" " ind2=" "><subfield code="a">IND44064156</subfield><subfield code="9">ExL</subfield></datafield><datafield tag="946" ind1=" " ind2=" "><subfield code="a">Non-US</subfield></datafield><datafield tag="949" ind1=" " ind2=" "><subfield code="a">2-03-22</subfield></datafield><datafield tag="952" ind1=" " ind2=" "><subfield code="a">20080606 20080704 00000000</subfield></datafield><datafield tag="962" ind1=" " ind2=" "><subfield code="a">Batch:1245 reviewed on 2-03-22T14:00:02Z</subfield></datafield><datafield tag="974" ind1=" " ind2=" "><subfield code="a">agid:2103838</subfield></datafield><datafield tag="984" ind1=" " ind2=" "><subfield code="a">2-03-22</subfield></datafield><datafield tag="985" ind1=" " ind2=" "><subfield code="a">Converted from MARCXML to MODS version 3.4 using MARC21slim2MODS3-4.xsl (Revision 1.95 2014/04/23)</subfield></datafield><datafield tag="986" ind1=" " ind2=" "><subfield code="a">4064156</subfield></datafield></record>