<record><leader>03274nab a2200541 u 4500</leader><controlfield tag="001">9915724392507426</controlfield><controlfield tag="005">20221121062347.0</controlfield><controlfield tag="008">040915e200402 xx |||||o|||||||||||eng||</controlfield><datafield tag="" ind1="7" ind2=" "><subfield code="a">IND43644352</subfield><subfield code="2">DNAL</subfield></datafield><datafield tag="035" ind1=" " ind2=" "><subfield code="a">agid:2552623-01nal_inst</subfield></datafield><datafield tag="040" ind1=" " ind2=" "><subfield code="a">AGL</subfield><subfield code="b">eng</subfield><subfield code="c">AGL</subfield></datafield><datafield tag="072" ind1=" " ind2="0"><subfield code="a"> J200 </subfield></datafield><datafield tag="072" ind1=" " ind2="0"><subfield code="a"> K001 </subfield></datafield><datafield tag="100" ind1="1" ind2=" "><subfield code="a">Zhu, W.X.</subfield></datafield><datafield tag="245" ind1="1" ind2="0"><subfield code="a">Temporal and spatial variation in nitrogen transformations in deciduous forest ecosystems along an urban-rural gradient</subfield></datafield><datafield tag="300" ind1=" " ind2=" "><subfield code="a">p. 267-278.</subfield></datafield><datafield tag="520" ind1=" " ind2=" "><subfield code="a">Ecosystem processes such as N transformations have seldom been studied in urban and suburban areas. Here we report the temporal and spatial variations in soil N measured continuously over 16 months in remnant forests dominated by northern red oak (Quercus rubraL.) along a 130 km urban¡rural transect in the New York City metropolitan area. Urban, suburban and rural forests all exhibited clear seasonal patterns in soil N concentrations and transformation rates. Concentrations of extractable inorganic N were highest in early spring, while net N mineralization and nitrification rates were highest in summer. Peak N mineralization and nitrification in urban stands tended to occur a month earlier than in rural stands. Daily net N mineralization rates averaged 4.45 mg N kg-1 soil organic matter (SOM) in urban stands, 3.51 in suburban stands, and 2.49 in rural stands. In urban and suburban forests, between 23.2-73.8% of the annual net N mineralized was nitrified, but in rural forests, net nitrification was mostly below the detection limit. Annual net N mineralization rates, expressed on an areal basis (to a depth of 7.5 cm), averaged 11.6 g m -2 in urban forests, 11.3 g m-2 in suburban sites, and 7.3 g m-2 in rural forests. N returns in oak litter fall were 2.15, 1.32, and 1.81 g m-2 in urban, suburban, and rural stands, respectively. The elevated N transformation rates and nitrate production, in combination with possible pollution constraints on tree growth in urban environments, raises concern that these urban and suburban forests may be approaching an N saturated status.</subfield></datafield><datafield tag="650" ind1=" " ind2="3"><subfield code="a">nitrogen</subfield></datafield><datafield tag="650" ind1=" " ind2="3"><subfield code="a">soil nutrient dynamics</subfield></datafield><datafield tag="650" ind1=" " ind2="3"><subfield code="a">mineralization</subfield></datafield><datafield tag="650" ind1=" " ind2="3"><subfield code="a">nitrification</subfield></datafield><datafield tag="650" ind1=" " ind2="3"><subfield code="a">deciduous forests</subfield></datafield><datafield tag="650" ind1=" " ind2="3"><subfield code="a">ecosystems</subfield></datafield><datafield tag="650" ind1=" " ind2="3"><subfield code="a">urban areas</subfield></datafield><datafield tag="650" ind1=" " ind2="3"><subfield code="a">rural areas</subfield></datafield><datafield tag="650" ind1=" " ind2="3"><subfield code="a">seasonal variation</subfield></datafield><datafield tag="650" ind1=" " ind2="3"><subfield code="a">spatial variation</subfield></datafield><datafield tag="650" ind1=" " ind2="3"><subfield code="a">forest litter</subfield></datafield><datafield tag="650" ind1=" " ind2="3"><subfield code="a">nutrient availability</subfield></datafield><datafield tag="651" ind1=" " ind2="3"><subfield code="a">New York</subfield></datafield><datafield tag="700" ind1="1" ind2=" "><subfield code="a">Carreiro, M.M.</subfield></datafield><datafield tag="773" ind1="0" ind2=" "><subfield code="t">Soil biology &amp; biochemistry.</subfield><subfield code="g">2004 Feb., v. 36, no. 2 p.267-278</subfield><subfield code="x">0038-0717</subfield><subfield code="7">nnas</subfield></datafield><datafield tag="787" ind1="1" ind2=" "><subfield code="o">islandora_article_repository</subfield></datafield><datafield tag="787" ind1="1" ind2=" "><subfield code="o">(Journal)jnl124</subfield></datafield><datafield tag="852" ind1=" " ind2=" "><subfield code="a">DNAL</subfield></datafield><datafield tag="912" ind1=" " ind2=" "><subfield code="a">Article</subfield></datafield><datafield tag="914" ind1=" " ind2=" "><subfield code="a">Journal:jnl124</subfield></datafield><datafield tag="914" ind1=" " ind2=" "><subfield code="f">Soil biology &amp; biochemistry</subfield></datafield><datafield tag="917" ind1=" " ind2=" "><subfield code="a">issued</subfield></datafield><datafield tag="930" ind1=" " ind2=" "><subfield code="a">20041217</subfield><subfield code="b">00000000</subfield><subfield code="c">00000000</subfield></datafield><datafield tag="935" ind1=" " ind2=" "><subfield code="a">IND43644352</subfield><subfield code="9">ExL</subfield></datafield><datafield tag="945" ind1=" " ind2=" "><subfield code="a">IND</subfield><subfield code="d">GAY</subfield><subfield code="e">2004/12/17</subfield></datafield><datafield tag="946" ind1=" " ind2=" "><subfield code="a">Non-US</subfield></datafield><datafield tag="952" ind1=" " ind2=" "><subfield code="a">20041217 00000000 00000000</subfield><subfield code="b">IND GAY 2004/12/17</subfield></datafield><datafield tag="974" ind1=" " ind2=" "><subfield code="a">agid:2552623</subfield></datafield><datafield tag="984" ind1=" " ind2=" "><subfield code="a">2014-12-22</subfield></datafield><datafield tag="985" ind1=" " ind2=" "><subfield code="a">Converted from MARCXML to MODS version 3.4 using MARC21slim2MODS3-4.xsl (Revision 1.95 2014/04/23)</subfield></datafield><datafield tag="986" ind1=" " ind2=" "><subfield code="a">3644352</subfield></datafield></record>