<record><leader>03858nab a2200589 u 4500</leader><controlfield tag="001">9915724397507426</controlfield><controlfield tag="005">20221121062004.0</controlfield><controlfield tag="008">050804e200508 xx |||||o|||||||||||eng||</controlfield><datafield tag="" ind1="7" ind2=" "><subfield code="a">IND43730193</subfield><subfield code="2">DNAL</subfield></datafield><datafield tag="035" ind1=" " ind2=" "><subfield code="a">agid:2813628-01nal_inst</subfield></datafield><datafield tag="040" ind1=" " ind2=" "><subfield code="a">AGL</subfield><subfield code="b">eng</subfield><subfield code="c">AGL</subfield></datafield><datafield tag="072" ind1=" " ind2="0"><subfield code="a"> F300 </subfield></datafield><datafield tag="072" ind1=" " ind2="0"><subfield code="a"> K001 </subfield></datafield><datafield tag="100" ind1="1" ind2=" "><subfield code="a">Garcia, D.</subfield></datafield><datafield tag="245" ind1="1" ind2="0"><subfield code="a">Spatial concordance between seed rain and seedling establishment in bird-dispersed trees: does scale matter?</subfield></datafield><datafield tag="300" ind1=" " ind2=" "><subfield code="a">p. 693-704.</subfield></datafield><datafield tag="520" ind1=" " ind2=" "><subfield code="a">1. We explored whether seedling recruitment was spatially predicted by seed rain (spatial concordance) at different scales (microsite, microhabitat and site) in the bird-dispersed trees Crataegus monogyna, Ilex aquifolium and Taxus baccata, in temperate secondary forests in north-west Spain. 2. We propose that both spatial concordance within each scale and consistency of concordance patterns across scales are dependent on differences between seed rain and post-dispersal processes in the partitioning of spatial variance at each scale. 3. We measured the density of dispersed seeds, the percentage of post-dispersal seed predation by rodents and the density of emerged first-year seedlings at sampling stations distributed throughout five microhabitats (under canopies of parental trees and in open gaps) and four localities over two seasons. 4. Seed rain density of all tree species varied most at the microhabitat scale, but microsite and site differences accounted for most of the spatial variance in post-dispersal seed predation and, especially, in seedling establishment. 5. All three species showed concordance between seed rain and seedling establishment at the microhabitat scale, because strong patchiness in avian-generated seed rain over-rode the slight uncoupling effects exerted by the more homogeneous post-dispersal processes. Seed rain was also a good predictor of recruitment of Ilex and Crataegus at the microsite scale, but, for Taxus, the rather homogeneous dispersal across microsites contrasted with the heterogeneous post-dispersal losses. At the site scale, only Taxus showed a positive trend of concordance. 6. Concordance patterns were maintained from microsite to microhabitat in Crataegus and Ilex, and from microhabitat to site in Taxus. Low-variance allocation to the site scale at the seed rain stage precluded complete consistency in Crataegus and Ilex. 7. Positive responses of recruitment to seed dispersal depended on both species and scale, resulting in a complex template for dispersal-limitation effects on metapopulations and communities.</subfield></datafield><datafield tag="650" ind1=" " ind2="3"><subfield code="a">Crataegus monogyna</subfield></datafield><datafield tag="650" ind1=" " ind2="3"><subfield code="a">Ilex aquifolium</subfield></datafield><datafield tag="650" ind1=" " ind2="3"><subfield code="a">Taxus baccata</subfield></datafield><datafield tag="650" ind1=" " ind2="3"><subfield code="a">seed productivity</subfield></datafield><datafield tag="650" ind1=" " ind2="3"><subfield code="a">forest trees</subfield></datafield><datafield tag="650" ind1=" " ind2="3"><subfield code="a">seedlings</subfield></datafield><datafield tag="650" ind1=" " ind2="3"><subfield code="a">plant establishment</subfield></datafield><datafield tag="650" ind1=" " ind2="3"><subfield code="a">seed dispersal</subfield></datafield><datafield tag="650" ind1=" " ind2="3"><subfield code="a">wild birds</subfield></datafield><datafield tag="650" ind1=" " ind2="3"><subfield code="a">spatial variation</subfield></datafield><datafield tag="650" ind1=" " ind2="3"><subfield code="a">seed predation</subfield></datafield><datafield tag="650" ind1=" " ind2="3"><subfield code="a">plant density</subfield></datafield><datafield tag="650" ind1=" " ind2="3"><subfield code="a">microhabitats</subfield></datafield><datafield tag="650" ind1=" " ind2="3"><subfield code="a">forest habitats</subfield></datafield><datafield tag="651" ind1=" " ind2="3"><subfield code="a">Spain</subfield></datafield><datafield tag="653" ind1=" " ind2="0"><subfield code="a">seedling recruitment</subfield></datafield><datafield tag="700" ind1="1" ind2=" "><subfield code="a">Obeso, J.R.</subfield></datafield><datafield tag="700" ind1="1" ind2=" "><subfield code="a">Martinez, I.</subfield></datafield><datafield tag="773" ind1="0" ind2=" "><subfield code="t">Journal of ecology.</subfield><subfield code="g">2005 Aug., v. 93, no. 4 p.693-704</subfield><subfield code="x">0022-0477</subfield><subfield code="7">nnas</subfield></datafield><datafield tag="787" ind1="1" ind2=" "><subfield code="o">islandora_article_repository</subfield></datafield><datafield tag="787" ind1="1" ind2=" "><subfield code="o">(Journal)jnl44660</subfield></datafield><datafield tag="852" ind1=" " ind2=" "><subfield code="a">DNAL</subfield></datafield><datafield tag="912" ind1=" " ind2=" "><subfield code="a">Article</subfield></datafield><datafield tag="914" ind1=" " ind2=" "><subfield code="a">Journal:jnl44660</subfield></datafield><datafield tag="914" ind1=" " ind2=" "><subfield code="f">Journal of ecology</subfield></datafield><datafield tag="917" ind1=" " ind2=" "><subfield code="a">issued</subfield></datafield><datafield tag="930" ind1=" " ind2=" "><subfield code="a">20060407</subfield><subfield code="b">20060529</subfield><subfield code="c">00000000</subfield></datafield><datafield tag="935" ind1=" " ind2=" "><subfield code="a">IND43730193</subfield><subfield code="9">ExL</subfield></datafield><datafield tag="945" ind1=" " ind2=" "><subfield code="a">IND</subfield><subfield code="d">2CT</subfield><subfield code="e">2006/01/10</subfield></datafield><datafield tag="946" ind1=" " ind2=" "><subfield code="a">Non-US</subfield></datafield><datafield tag="952" ind1=" " ind2=" "><subfield code="a">20060407 20060529 00000000</subfield><subfield code="b">IND 2CT 2006/01/10</subfield></datafield><datafield tag="974" ind1=" " ind2=" "><subfield code="a">agid:2813628</subfield></datafield><datafield tag="984" ind1=" " ind2=" "><subfield code="a">2014-12-22</subfield></datafield><datafield tag="985" ind1=" " ind2=" "><subfield code="a">Converted from MARCXML to MODS version 3.4 using MARC21slim2MODS3-4.xsl (Revision 1.95 2014/04/23)</subfield></datafield><datafield tag="986" ind1=" " ind2=" "><subfield code="a">3730193</subfield></datafield></record>