<record><leader>03614nab a2200577 u 4500</leader><controlfield tag="001">9915724421707426</controlfield><controlfield tag="005">20221121150445.0</controlfield><controlfield tag="008">010316e200008 enk|||||o|||||||||||eng||</controlfield><datafield tag="" ind1="7" ind2=" "><subfield code="a">IND22437374</subfield><subfield code="2">DNAL</subfield></datafield><datafield tag="035" ind1=" " ind2=" "><subfield code="a">agid:2813618-01nal_inst</subfield></datafield><datafield tag="040" ind1=" " ind2=" "><subfield code="a">AGL</subfield><subfield code="b">eng</subfield><subfield code="c">AGL</subfield></datafield><datafield tag="100" ind1="1" ind2=" "><subfield code="a">He, F.</subfield></datafield><datafield tag="245" ind1="1" ind2="0"><subfield code="a">Density-dependent effects on tree survival in an old-growth Douglas fir forest</subfield></datafield><datafield tag="300" ind1=" " ind2=" "><subfield code="a">p. 676-688.</subfield></datafield><datafield tag="500" ind1=" " ind2=" "><subfield code="a">2019-12-05</subfield></datafield><datafield tag="520" ind1=" " ind2=" "><subfield code="a">1. We mapped the locations of live and dead trees in a large forest plot dominated by pioneer Douglas fir (Pseudotsuga menziesii) with an understorey of the invading late-successional species western hemlock (Tsuga heterophylla) and western red cedar (Thuja plicata) on Vancouver Island, British Columbia, Canada, to test for intra- and interspecific density-dependent effects on tree survival. 2. We analysed both the spatial patterning of trees in the plot and the relationships between neighbourhood density and tree survival. We also examined the effects of additional variables (principally elevation) as covariates in our neighbourhood analyses. 3. Both the spatial and initial neighbourhood analyses suggested strong intra- and interspecific density-dependent effects on tree survival. Douglas fir survival was significantly higher in less dense patches of conspecifics and non-random tree death led to regularly spaced survivors, as expected from intraspecific competition. The significantly lower survival of western hemlock in denser patches of Douglas fir and the resulting negative spatial association between surviving trees of these two species were consistent with interspecific competition. 4. However, having controlled for the influence of elevation on tree survival (probably mediated by variation in soil moisture) in neighbourhood analyses, although the survival of the pioneer Douglas fir trees was still subject to strong density-dependent effects, variation in its density in the overstorey no longer appeared to influence the survival of the invading late-successional species. There was, however, evidence for asymmetric interspecific density dependence between the two late-successional species since western hemlock mortality tended to be higher in denser patches of western red cedar. 5. Our results emphasize the importance of considering confounding factors in studies that seek evidence for density dependence.</subfield></datafield><datafield tag="650" ind1=" " ind2="3"><subfield code="a">Thuja plicata</subfield></datafield><datafield tag="650" ind1=" " ind2="3"><subfield code="a">tree age</subfield></datafield><datafield tag="650" ind1=" " ind2="3"><subfield code="a">spatial distribution</subfield></datafield><datafield tag="650" ind1=" " ind2="3"><subfield code="a">dead wood</subfield></datafield><datafield tag="650" ind1=" " ind2="3"><subfield code="a">coniferous forests</subfield></datafield><datafield tag="650" ind1=" " ind2="3"><subfield code="a">plant density</subfield></datafield><datafield tag="650" ind1=" " ind2="3"><subfield code="a">stand density</subfield></datafield><datafield tag="650" ind1=" " ind2="3"><subfield code="a">interspecific competition</subfield></datafield><datafield tag="650" ind1=" " ind2="3"><subfield code="a">plant competition</subfield></datafield><datafield tag="650" ind1=" " ind2="3"><subfield code="a">Pseudotsuga menziesii</subfield></datafield><datafield tag="650" ind1=" " ind2="3"><subfield code="a">Tsuga heterophylla</subfield></datafield><datafield tag="650" ind1=" " ind2="3"><subfield code="a">mortality</subfield></datafield><datafield tag="650" ind1=" " ind2="3"><subfield code="a">intraspecific competition</subfield></datafield><datafield tag="650" ind1=" " ind2="3"><subfield code="a">understory</subfield></datafield><datafield tag="651" ind1=" " ind2="3"><subfield code="a">British Columbia</subfield></datafield><datafield tag="653" ind1=" " ind2="0"><subfield code="a">patterns</subfield></datafield><datafield tag="653" ind1=" " ind2="0"><subfield code="a">forest ecology</subfield></datafield><datafield tag="700" ind1="1" ind2=" "><subfield code="a">Duncan, R.P.</subfield></datafield><datafield tag="773" ind1="0" ind2=" "><subfield code="t">Journal of ecology.</subfield><subfield code="g">2000 Aug., v. 88, no. 4 p.676-688</subfield><subfield code="x">0022-0477</subfield><subfield code="7">nnas</subfield></datafield><datafield tag="787" ind1="1" ind2=" "><subfield code="o">islandora_article_repository</subfield></datafield><datafield tag="787" ind1="1" ind2=" "><subfield code="o">(Journal)jnl44660</subfield></datafield><datafield tag="852" ind1=" " ind2=" "><subfield code="a">DNAL</subfield></datafield><datafield tag="912" ind1=" " ind2=" "><subfield code="a">Article</subfield></datafield><datafield tag="914" ind1=" " ind2=" "><subfield code="a">Journal:jnl44660</subfield></datafield><datafield tag="914" ind1=" " ind2=" "><subfield code="f">J. ecol</subfield></datafield><datafield tag="917" ind1=" " ind2=" "><subfield code="a">issued</subfield></datafield><datafield tag="930" ind1=" " ind2=" "><subfield code="a">20010501</subfield><subfield code="b">20010507</subfield><subfield code="c">00000000</subfield></datafield><datafield tag="935" ind1=" " ind2=" "><subfield code="a">IND22437374</subfield><subfield code="9">ExL</subfield></datafield><datafield tag="945" ind1=" " ind2=" "><subfield code="a">IND</subfield><subfield code="d">CTR</subfield></datafield><datafield tag="946" ind1=" " ind2=" "><subfield code="a">Non-US</subfield></datafield><datafield tag="952" ind1=" " ind2=" "><subfield code="a">20010501 20010507 00000000</subfield><subfield code="b">IND CTR </subfield></datafield><datafield tag="974" ind1=" " ind2=" "><subfield code="a">agid:2813618</subfield></datafield><datafield tag="984" ind1=" " ind2=" "><subfield code="a">2014-12-25</subfield></datafield><datafield tag="985" ind1=" " ind2=" "><subfield code="a">Converted from MARCXML to MODS version 3.4 using MARC21slim2MODS3-4.xsl (Revision 1.95 2014/04/23)</subfield></datafield><datafield tag="986" ind1=" " ind2=" "><subfield code="a">3468137</subfield></datafield></record>