<record><leader>03951nab a2200673 u 4500</leader><controlfield tag="001">9915724577907426</controlfield><controlfield tag="005">20221120051304.0</controlfield><controlfield tag="008">200721e20200203xx |||||o|||||||||||eng||</controlfield><datafield tag="" ind1="7" ind2=" "><subfield code="a">IND607038064</subfield><subfield code="2">DNAL</subfield></datafield><datafield tag="024" ind1="7" ind2=" "><subfield code="a">10.3390/rs12030483</subfield><subfield code="2">doi</subfield></datafield><datafield tag="035" ind1=" " ind2=" "><subfield code="a">agid:7038064-01nal_inst</subfield></datafield><datafield tag="040" ind1=" " ind2=" "><subfield code="a">AGL</subfield><subfield code="b">eng</subfield><subfield code="c">AGL</subfield></datafield><datafield tag="100" ind1="1" ind2=" "><subfield code="a">Manickam, Surendar </subfield><subfield code="e">author</subfield></datafield><datafield tag="245" ind1="1" ind2="0"><subfield code="a">Parsing Synthetic Aperture Radar Measurements of Snow in Complex Terrain: Scaling Behaviour and Sensitivity to Snow Wetness and Landcover</subfield></datafield><datafield tag="520" ind1=" " ind2=" "><subfield code="a">This study investigates the spatial signatures of seasonal snow in Synthetic Aperture Radar (SAR) observations at different spatial scales and for different physiographic regions. Sentinel-1 C-band (SAR) backscattering coefficients (BSC) were analyzed in the Swiss Alps (SA), in high elevation forest and grasslands in Grand Mesa (GM), Colorado, and in North Dakota (ND) croplands. GM BSC exhibit 10 dB sensitivity to wetness at small scales (~100 m) over homogeneous grassland. Sensitivity decreases to 5 dB in the presence of trees, and it is demonstrated that VH BSC sensitivity enables wet snow mapping below the tree-line. Area-variance scaling relationships show minima at ~100 m and 150–250 m, respectively, in barren and grasslands in SA and GM, increasing up to 1 km and longer in GM forests and ND agricultural fields. The spatial organization of BSC (as described by 1D-directional BSC wavelength spectra) exhibits multi-scaling behavior in the 100–1000 m range with a break at (180–360 m) that is also present in UAVSAR L-band measurements in GM. Spectral slopes in GM forested areas steepen during accumulation and flatten in the melting season with mirror behavior for grasslands reflecting changes in scattering mechanisms with snow depth and wetness, and vegetation mass and structure. Overall, this study reveals persistent patterns of SAR scattering variability spatially organized by land-cover, topography and regional winds with large inter-annual variability tied to precipitation. This dynamic scaling behavior emerges as an integral physical expression of snowpack variability that can be used to model sub-km scales and for downscaling applications.</subfield></datafield><datafield tag="592" ind1=" " ind2=" "><subfield code="a">Publisher supplied data</subfield></datafield><datafield tag="593" ind1=" " ind2=" "><subfield code="a">PubAg article</subfield></datafield><datafield tag="650" ind1=" " ind2="3"><subfield code="a">altitude</subfield></datafield><datafield tag="650" ind1=" " ind2="3"><subfield code="a">cropland</subfield></datafield><datafield tag="650" ind1=" " ind2="3"><subfield code="a">ecological zones</subfield></datafield><datafield tag="650" ind1=" " ind2="3"><subfield code="a">forests</subfield></datafield><datafield tag="650" ind1=" " ind2="3"><subfield code="a">grasslands</subfield></datafield><datafield tag="650" ind1=" " ind2="3"><subfield code="a">land cover</subfield></datafield><datafield tag="650" ind1=" " ind2="3"><subfield code="a">landscapes</subfield></datafield><datafield tag="650" ind1=" " ind2="3"><subfield code="a">melting</subfield></datafield><datafield tag="650" ind1=" " ind2="3"><subfield code="a">models</subfield></datafield><datafield tag="650" ind1=" " ind2="3"><subfield code="a">remote sensing</subfield></datafield><datafield tag="650" ind1=" " ind2="3"><subfield code="a">snow</subfield></datafield><datafield tag="650" ind1=" " ind2="3"><subfield code="a">snowpack</subfield></datafield><datafield tag="650" ind1=" " ind2="3"><subfield code="a">synthetic aperture radar</subfield></datafield><datafield tag="650" ind1=" " ind2="3"><subfield code="a">treeline</subfield></datafield><datafield tag="650" ind1=" " ind2="3"><subfield code="a">trees</subfield></datafield><datafield tag="650" ind1=" " ind2="3"><subfield code="a">wavelengths</subfield></datafield><datafield tag="650" ind1=" " ind2="3"><subfield code="a">wind</subfield></datafield><datafield tag="651" ind1=" " ind2="3"><subfield code="a">Alps region</subfield></datafield><datafield tag="651" ind1=" " ind2="3"><subfield code="a">Colorado</subfield></datafield><datafield tag="651" ind1=" " ind2="3"><subfield code="a">North Dakota</subfield></datafield><datafield tag="651" ind1=" " ind2="3"><subfield code="a">Switzerland</subfield></datafield><datafield tag="700" ind1="1" ind2=" "><subfield code="a">Barros, Ana </subfield><subfield code="e">author</subfield><subfield code="u">Department of Civil and Environmental Engineering, Duke University, Durham, NC 27708, USA</subfield></datafield><datafield tag="773" ind1="0" ind2=" "><subfield code="t">Remote Sensing.</subfield><subfield code="g">2020 Feb. 03, v. 12, no. 3</subfield><subfield code="d">Multidisciplinary Digital Publishing Institute</subfield><subfield code="w">Journal:26717</subfield><subfield code="x">2072-4292</subfield><subfield code="7">nnas</subfield></datafield><datafield tag="787" ind1="1" ind2=" "><subfield code="o">islandora_article_repository</subfield></datafield><datafield tag="787" ind1="1" ind2=" "><subfield code="o">product_pubag</subfield></datafield><datafield tag="787" ind1="1" ind2=" "><subfield code="o">(Journal)26717</subfield></datafield><datafield tag="856" ind1="4" ind2="0"><subfield code="u">https://dx.doi.org/10.3390/rs12030483</subfield><subfield code="3">Available from publisher's site</subfield></datafield><datafield tag="912" ind1=" " ind2=" "><subfield code="a">Article</subfield></datafield><datafield tag="914" ind1=" " ind2=" "><subfield code="a">Journal:26717</subfield><subfield code="b">2072-4292</subfield><subfield code="c">12</subfield><subfield code="d">3</subfield></datafield><datafield tag="914" ind1=" " ind2=" "><subfield code="f">Remote Sensing</subfield></datafield><datafield tag="916" ind1=" " ind2=" "><subfield code="a">Batch:2560</subfield></datafield><datafield tag="917" ind1=" " ind2=" "><subfield code="a">issued</subfield></datafield><datafield tag="918" ind1="2" ind2=" "><subfield code="a">Multidisciplinary Digital Publishing Institute</subfield><subfield code="e">provider</subfield><subfield code="5">DNAL</subfield></datafield><datafield tag="935" ind1=" " ind2=" "><subfield code="a">IND607038064</subfield><subfield code="9">ExL</subfield></datafield><datafield tag="949" ind1=" " ind2=" "><subfield code="a">2020-09-09</subfield></datafield><datafield tag="953" ind1=" " ind2=" "><subfield code="a" >/data/metadata/incoming/mdpinstitute/remotesensing-v12-i03-20200716.xml</subfield></datafield><datafield tag="954" ind1=" " ind2=" "><subfield code="a" >file:/data/metadata/staging/mdpinstitute/remotesensing-v12-i03-20200716.xml</subfield></datafield><datafield tag="955" ind1=" " ind2=" "><subfield code="a">/data/metadata/staging/mdpinstitute/</subfield></datafield><datafield tag="962" ind1=" " ind2=" "><subfield code="a">Batch:2560 reviewed on 2020-09-09T15:00:07Z</subfield></datafield><datafield tag="974" ind1=" " ind2=" "><subfield code="a">agid:7038064</subfield></datafield><datafield tag="983" ind1=" " ind2=" "><subfield code="a">2020-07-21</subfield></datafield><datafield tag="984" ind1=" " ind2=" "><subfield code="a">2020-09-09</subfield></datafield></record>