<record><leader>03693nab a2200613 u 4500</leader><controlfield tag="001">9915724980507426</controlfield><controlfield tag="005">20221122195936.0</controlfield><controlfield tag="008">991022e199904 enk|||||o|||||||||||eng||</controlfield><datafield tag="" ind1="7" ind2=" "><subfield code="a">IND22012410</subfield><subfield code="2">DNAL</subfield></datafield><datafield tag="035" ind1=" " ind2=" "><subfield code="a">agid:2813550-01nal_inst</subfield></datafield><datafield tag="040" ind1=" " ind2=" "><subfield code="a">AGL</subfield><subfield code="b">eng</subfield><subfield code="c">AGL</subfield></datafield><datafield tag="100" ind1="1" ind2=" "><subfield code="a">Givnish, T.J.</subfield></datafield><datafield tag="245" ind1="1" ind2="0"><subfield code="a">On the causes of gradients in tropical tree diversity</subfield></datafield><datafield tag="300" ind1=" " ind2=" "><subfield code="a">p. 193-210.</subfield></datafield><datafield tag="520" ind1=" " ind2=" "><subfield code="a">1) The number of woody species in tropical forests tends to increase with precipitation, forest stature, soil fertility, rate of canopy turnover and time since catastrophic disturbance, and decrease with seasonality, latitude, altitude, and diameter at breast height (d.b.h.). 2) A model is presented to account for these trends. Novel hypotheses include how increased rainfall and substrate fertility, and decreased seasonality, might (i) increase attacks by natural enemies, and thus the overall level of density-dependent plant mortality; (ii) increase shade tolerance, canopy turnover, and stem density of the species-rich understorey, and (iii) increase reliance on relatively sedentary forest-interior birds for seed dispersal, fostering high rates of speciation in understorey genera. 3) High rainfall and low seasonality in the tropics favour two key groups of natural plant enemies--insects and fungi--that are directly responsible for promoting high rates of density-dependent plant mortality. Lower rainfall, greater seasonality, soil infertility, or unfavourable rooting conditions favour greater allocation to anti-herbivore defenses, and thus lead to lower rates of such mortality and thence to lower tree diversity. The increased number of individuals on rainier sites is a minor contributor to increased tree diversity, accounting for only about 17% of the 8.3-fold increase with rainfall in the lowland Neotropics. 4) Predictions of the model are consistent with many ecological patterns of variation in tropical tree diversity within regions, and may help explain the decrease in tree diversity with elevation and the accompanying decrease in horizontal patchiness (within-habitat beta diversity). 5) Random drift over evolutionary time in the relative effectiveness of density-dependent control of individual tree species by specialized natural enemies may better account for the observed distribution of tropical tree abundance than a random walk of species abundance through ecological time.</subfield></datafield><datafield tag="650" ind1=" " ind2="3"><subfield code="a">tropical forests</subfield></datafield><datafield tag="650" ind1=" " ind2="3"><subfield code="a">forest trees</subfield></datafield><datafield tag="650" ind1=" " ind2="3"><subfield code="a">spatial variation</subfield></datafield><datafield tag="650" ind1=" " ind2="3"><subfield code="a">species diversity</subfield></datafield><datafield tag="650" ind1=" " ind2="3"><subfield code="a">soil fertility</subfield></datafield><datafield tag="650" ind1=" " ind2="3"><subfield code="a">rain</subfield></datafield><datafield tag="650" ind1=" " ind2="3"><subfield code="a">canopy</subfield></datafield><datafield tag="650" ind1=" " ind2="3"><subfield code="a">seasonal variation</subfield></datafield><datafield tag="650" ind1=" " ind2="3"><subfield code="a">latitude</subfield></datafield><datafield tag="650" ind1=" " ind2="3"><subfield code="a">altitude</subfield></datafield><datafield tag="650" ind1=" " ind2="3"><subfield code="a">diameter</subfield></datafield><datafield tag="650" ind1=" " ind2="3"><subfield code="a">mathematical models</subfield></datafield><datafield tag="650" ind1=" " ind2="3"><subfield code="a">mortality</subfield></datafield><datafield tag="650" ind1=" " ind2="3"><subfield code="a">shade</subfield></datafield><datafield tag="650" ind1=" " ind2="3"><subfield code="a">plant density</subfield></datafield><datafield tag="650" ind1=" " ind2="3"><subfield code="a">stand density</subfield></datafield><datafield tag="650" ind1=" " ind2="3"><subfield code="a">understory</subfield></datafield><datafield tag="650" ind1=" " ind2="3"><subfield code="a">seed dispersal</subfield></datafield><datafield tag="650" ind1=" " ind2="3"><subfield code="a">prediction</subfield></datafield><datafield tag="650" ind1=" " ind2="3"><subfield code="a">disturbed soils</subfield></datafield><datafield tag="653" ind1=" " ind2="0"><subfield code="a">evaluation</subfield></datafield><datafield tag="653" ind1=" " ind2="0"><subfield code="a">tolerance</subfield></datafield><datafield tag="773" ind1="0" ind2=" "><subfield code="t">Journal of ecology.</subfield><subfield code="g">1999 Apr., v. 87, no. 2 p.193-210</subfield><subfield code="x">0022-0477</subfield><subfield code="7">nnas</subfield></datafield><datafield tag="787" ind1="1" ind2=" "><subfield code="o">islandora_article_repository</subfield></datafield><datafield tag="787" ind1="1" ind2=" "><subfield code="o">(Journal)jnl44660</subfield></datafield><datafield tag="852" ind1=" " ind2=" "><subfield code="a">DNAL</subfield></datafield><datafield tag="912" ind1=" " ind2=" "><subfield code="a">Article</subfield></datafield><datafield tag="914" ind1=" " ind2=" "><subfield code="a">Journal:jnl44660</subfield></datafield><datafield tag="914" ind1=" " ind2=" "><subfield code="f">J. ecol</subfield></datafield><datafield tag="917" ind1=" " ind2=" "><subfield code="a">issued</subfield></datafield><datafield tag="930" ind1=" " ind2=" "><subfield code="a">20000104</subfield><subfield code="b">20000110</subfield><subfield code="c">00000000</subfield></datafield><datafield tag="935" ind1=" " ind2=" "><subfield code="a">IND22012410</subfield><subfield code="9">ExL</subfield></datafield><datafield tag="945" ind1=" " ind2=" "><subfield code="a">IND</subfield><subfield code="d">CTR</subfield></datafield><datafield tag="946" ind1=" " ind2=" "><subfield code="a">Non-US</subfield></datafield><datafield tag="952" ind1=" " ind2=" "><subfield code="a">20000104 20000110 00000000</subfield><subfield code="b">IND CTR </subfield></datafield><datafield tag="974" ind1=" " ind2=" "><subfield code="a">agid:2813550</subfield></datafield><datafield tag="984" ind1=" " ind2=" "><subfield code="a">2014-12-25</subfield></datafield><datafield tag="985" ind1=" " ind2=" "><subfield code="a">Converted from MARCXML to MODS version 3.4 using MARC21slim2MODS3-4.xsl (Revision 1.95 2014/04/23)</subfield></datafield><datafield tag="986" ind1=" " ind2=" "><subfield code="a">3369356</subfield></datafield></record>