<record><leader>04593nab a2200733 u 4500</leader><controlfield tag="001">9915725100107426</controlfield><controlfield tag="005">20221120152734.0</controlfield><controlfield tag="008">190508e20190507xx |||||o|||||||||||eng||</controlfield><datafield tag="" ind1="7" ind2=" "><subfield code="a">IND606426938</subfield><subfield code="2">DNAL</subfield></datafield><datafield tag="024" ind1="7" ind2=" "><subfield code="a">10.1660/062.122.0111</subfield><subfield code="2">doi</subfield></datafield><datafield tag="035" ind1=" " ind2=" "><subfield code="a">agid:6426938-01nal_inst</subfield></datafield><datafield tag="040" ind1=" " ind2=" "><subfield code="a">AGL</subfield><subfield code="b">eng</subfield><subfield code="c">AGL</subfield></datafield><datafield tag="100" ind1="1" ind2=" "><subfield code="a">McLinn, Kory D.</subfield><subfield code="e">author</subfield><subfield code="u">Department of Biological Sciences, Wichita State University, Wichita, Kansas leland.russell@wichita.edu</subfield></datafield><datafield tag="245" ind1="1" ind2="0"><subfield code="a">White-Tailed Deer (Odocoileus virginianus) Browsing Preferences and Spatial Patterns in a Kansas Flint Hills Riparian Woodland</subfield></datafield><datafield tag="300" ind1=" " ind2=" "><subfield code="a">p. 103-110.</subfield></datafield><datafield tag="520" ind1=" " ind2=" "><subfield code="a">In many eastern North American forests white-tailed deer (Odocoileus virginianus) populations are large and their browsing reduces tree regeneration and alters sapling species composition. In comparison to forested communities further east, deer effects in Great Plains riparian woodlands are poorly understood. These woodlands may experience greater browsing pressure than regional deer densities suggest because deer are associated with wooded habitats in this otherwise open landscape. To explore potential effects of deer in these riparian woodlands, we quantified deer preference among tree species and spatial patterns in browsing in the Kings Creek riparian zone at Konza Prairie Long-Term Ecological Research Site. Our objectives were to determine how 1) browsing intensity differs among tree species and 2) browsing intensity varies in relation to a woodland edge – center gradient, an upstream – downstream gradient and proximity to deer trails. In June 2, we quantified the proportion of twigs with new growth that had been browsed on saplings 15 -150 cm tall in 10 m² plots along pairs of transects that extended from the stream to the woodland edge. Transect pairs were arranged in a downstream progression. We found significant differences among tree species in proportion of twigs browsed with bitternut hickory (Carya cordiformis), black walnut (Juglans nigra) and burr oak (Quercus macrocarpa) being most browsed. Hackberry (Celtis occidentalis) and honey locust (Gleditsia triacanthos) were least browsed. Xerophytic tree species (oaks, hickories) were browsed more than mesophytic species (all other species). Browse intensity was greatest within 3 m of deer trails and increased downstream, but was unaffected by proximity to woodland edges. Strong differences among tree species in browse intensity suggest the potential for deer to affect tree species composition, possibly accelerating mesophication. Even in these wooded habitats, deer browsing is concentrated near deer trails.</subfield></datafield><datafield tag="592" ind1=" " ind2=" "><subfield code="a">Publisher supplied data</subfield></datafield><datafield tag="593" ind1=" " ind2=" "><subfield code="a">PubAg article</subfield></datafield><datafield tag="650" ind1=" " ind2="3"><subfield code="a">Carya cordiformis</subfield></datafield><datafield tag="650" ind1=" " ind2="3"><subfield code="a">Celtis occidentalis</subfield></datafield><datafield tag="650" ind1=" " ind2="3"><subfield code="a">Gleditsia triacanthos</subfield></datafield><datafield tag="650" ind1=" " ind2="3"><subfield code="a">Juglans nigra</subfield></datafield><datafield tag="650" ind1=" " ind2="3"><subfield code="a">Odocoileus virginianus</subfield></datafield><datafield tag="650" ind1=" " ind2="3"><subfield code="a">Quercus macrocarpa</subfield></datafield><datafield tag="650" ind1=" " ind2="3"><subfield code="a">animal trails</subfield></datafield><datafield tag="650" ind1=" " ind2="3"><subfield code="a">branches</subfield></datafield><datafield tag="650" ind1=" " ind2="3"><subfield code="a">browsing</subfield></datafield><datafield tag="650" ind1=" " ind2="3"><subfield code="a">deer</subfield></datafield><datafield tag="650" ind1=" " ind2="3"><subfield code="a">forests</subfield></datafield><datafield tag="650" ind1=" " ind2="3"><subfield code="a">habitats</subfield></datafield><datafield tag="650" ind1=" " ind2="3"><subfield code="a">landscapes</subfield></datafield><datafield tag="650" ind1=" " ind2="3"><subfield code="a">riparian areas</subfield></datafield><datafield tag="650" ind1=" " ind2="3"><subfield code="a">saplings</subfield></datafield><datafield tag="650" ind1=" " ind2="3"><subfield code="a">species diversity</subfield></datafield><datafield tag="650" ind1=" " ind2="3"><subfield code="a">streams</subfield></datafield><datafield tag="650" ind1=" " ind2="3"><subfield code="a">woodlands</subfield></datafield><datafield tag="651" ind1=" " ind2="3"><subfield code="a">Great Plains region</subfield></datafield><datafield tag="651" ind1=" " ind2="3"><subfield code="a">Kansas</subfield></datafield><datafield tag="653" ind1=" " ind2="0"><subfield code="a">white-tailed deer</subfield></datafield><datafield tag="653" ind1=" " ind2="0"><subfield code="a">riparian woodland</subfield></datafield><datafield tag="653" ind1=" " ind2="0"><subfield code="a">browsing preference</subfield></datafield><datafield tag="653" ind1=" " ind2="0"><subfield code="a">spatial variation</subfield></datafield><datafield tag="653" ind1=" " ind2="0"><subfield code="a">mesophication</subfield></datafield><datafield tag="700" ind1="1" ind2=" "><subfield code="a">Leland Russell, F.</subfield><subfield code="e">author</subfield><subfield code="u">Department of Biological Sciences, Wichita State University, Wichita, Kansas leland.russell@wichita.edu</subfield></datafield><datafield tag="773" ind1="0" ind2=" "><subfield code="t">Transactions of the Kansas Academy of Science.</subfield><subfield code="g">2019 May 7, v. 122, no. 1-2 p.103-110</subfield><subfield code="d">Kansas Academy of Science</subfield><subfield code="w">Journal:6278</subfield><subfield code="x">0022-8443</subfield><subfield code="7">nnas</subfield></datafield><datafield tag="787" ind1="1" ind2=" "><subfield code="o">islandora_article_repository</subfield></datafield><datafield tag="787" ind1="1" ind2=" "><subfield code="o">product_pubag</subfield></datafield><datafield tag="787" ind1="1" ind2=" "><subfield code="o">(Journal)6278</subfield></datafield><datafield tag="856" ind1="4" ind2="0"><subfield code="u">http://dx.doi.org/10.1660/062.122.0111</subfield><subfield code="3">Available from publisher's site</subfield></datafield><datafield tag="912" ind1=" " ind2=" "><subfield code="a">Article</subfield></datafield><datafield tag="914" ind1=" " ind2=" "><subfield code="a">Journal:6278</subfield><subfield code="b">0022-8443</subfield><subfield code="c">122</subfield><subfield code="d">1-2</subfield><subfield code="e">103</subfield></datafield><datafield tag="914" ind1=" " ind2=" "><subfield code="f">Transactions of the Kansas Academy of Science</subfield></datafield><datafield tag="916" ind1=" " ind2=" "><subfield code="a">Batch:2262</subfield></datafield><datafield tag="917" ind1=" " ind2=" "><subfield code="a">issued</subfield></datafield><datafield tag="918" ind1="2" ind2=" "><subfield code="a">BioOne</subfield><subfield code="e">provider</subfield><subfield code="5">DNAL</subfield></datafield><datafield tag="935" ind1=" " ind2=" "><subfield code="a">IND606426938</subfield><subfield code="9">ExL</subfield></datafield><datafield tag="949" ind1=" " ind2=" "><subfield code="a">2019-08-06</subfield></datafield><datafield tag="953" ind1=" " ind2=" "><subfield code="a">/data/metadata/incoming/bioone/062.122.0111_front.xml.zip</subfield></datafield><datafield tag="954" ind1=" " ind2=" "><subfield code="a">file:/data/metadata/staging/bioone/062.122.0111_front.xml</subfield></datafield><datafield tag="955" ind1=" " ind2=" "><subfield code="a">/data/metadata/staging/bioone/</subfield></datafield><datafield tag="962" ind1=" " ind2=" "><subfield code="a">Batch:2262 reviewed on 2019-08-06T11:00:08Z</subfield></datafield><datafield tag="974" ind1=" " ind2=" "><subfield code="a">agid:6426938</subfield></datafield><datafield tag="983" ind1=" " ind2=" "><subfield code="a">2019-05-08</subfield></datafield><datafield tag="984" ind1=" " ind2=" "><subfield code="a">2019-08-06</subfield></datafield></record>