<record><leader>03357nab a2200565 u 4500</leader><controlfield tag="001">9915726086407426</controlfield><controlfield tag="005">20221121051930.0</controlfield><controlfield tag="008">160903e209 xx |||||o|||||||||||eng||</controlfield><datafield tag="" ind1="7" ind2=" "><subfield code="a">IND605483278</subfield><subfield code="2">DNAL</subfield></datafield><datafield tag="024" ind1="7" ind2=" "><subfield code="a">10.1007/s40011-015-0498-9</subfield><subfield code="2">doi</subfield></datafield><datafield tag="035" ind1=" " ind2=" "><subfield code="a">agid:5483278-01nal_inst</subfield></datafield><datafield tag="040" ind1=" " ind2=" "><subfield code="a">AGL</subfield><subfield code="b">eng</subfield><subfield code="c">AGL</subfield></datafield><datafield tag="100" ind1="1" ind2=" "><subfield code="a">Chen, Youhua</subfield><subfield code="e">author</subfield></datafield><datafield tag="245" ind1="1" ind2="0"><subfield code="a">How Do Climatic Predictors Affect Tree Richness in Western Ghats, India?</subfield></datafield><datafield tag="300" ind1=" " ind2=" "><subfield code="a">p. 667-671.</subfield></datafield><datafield tag="520" ind1=" " ind2=" "><subfield code="a">In this brief report, the relative importance of different climatic variables on structuring the spatial richness patterns of endemic tree species are quantified for Western Ghats of India, a biodiversity hotspot of the world. Path analysis and spatial multiple regression analysis are employed to measure the relative impacts of different climatic variables on the richness of tree species. Four climatic predictors, annual mean temperature (TEM), annual mean precipitation (PREC), annual evapotranspiration (AET), and elevation range (TOPO), are used to represent different perspectives of climatic variability. TEM represents temperature tolerance, PREC water availability, AET energy and TOPO habitat heterogeneity. Results show that, without removing spatial autocorrelation, AET is the most influential variable. However, the effect of AET was detected to be an artifact of spatial autocorrelation and after controlling such a misleading effect using simultaneous autoregressive models, the effects of other variables became evident and important in explaining the richness of endemic trees. All the statistical models consistently identified that TOPO and PREC are the equally influential variables for structuring richness patterns of endemic trees in Western Ghats. In conclusion, habitat heterogeneity and water availability are the most important predictors of richness in tropical endemic tree communities in Western Ghats.</subfield></datafield><datafield tag="592" ind1=" " ind2=" "><subfield code="a">Publisher supplied data</subfield></datafield><datafield tag="593" ind1=" " ind2=" "><subfield code="a">PubAg article</subfield></datafield><datafield tag="650" ind1=" " ind2="3"><subfield code="a">autocorrelation</subfield></datafield><datafield tag="650" ind1=" " ind2="3"><subfield code="a">biodiversity</subfield></datafield><datafield tag="650" ind1=" " ind2="3"><subfield code="a">climatic factors</subfield></datafield><datafield tag="650" ind1=" " ind2="3"><subfield code="a">energy</subfield></datafield><datafield tag="650" ind1=" " ind2="3"><subfield code="a">evapotranspiration</subfield></datafield><datafield tag="650" ind1=" " ind2="3"><subfield code="a">habitats</subfield></datafield><datafield tag="650" ind1=" " ind2="3"><subfield code="a">indigenous species</subfield></datafield><datafield tag="650" ind1=" " ind2="3"><subfield code="a">regression analysis</subfield></datafield><datafield tag="650" ind1=" " ind2="3"><subfield code="a">statistical models</subfield></datafield><datafield tag="650" ind1=" " ind2="3"><subfield code="a">temperature</subfield></datafield><datafield tag="650" ind1=" " ind2="3"><subfield code="a">transmission electron microscopy</subfield></datafield><datafield tag="650" ind1=" " ind2="3"><subfield code="a">trees</subfield></datafield><datafield tag="651" ind1=" " ind2="3"><subfield code="a">India</subfield></datafield><datafield tag="773" ind1="0" ind2=" "><subfield code="t">Proceedings of the National Academy of Sciences, India, Section B: biological sciences.</subfield><subfield code="g">2 Sept., v. 86, no. 3 p.667-671</subfield><subfield code="d">Springer India</subfield><subfield code="x">0369-8211</subfield><subfield code="7">nnas</subfield></datafield><datafield tag="787" ind1="1" ind2=" "><subfield code="o">islandora_article_repository</subfield></datafield><datafield tag="787" ind1="1" ind2=" "><subfield code="o">product_pubag</subfield></datafield><datafield tag="787" ind1="1" ind2=" "><subfield code="o">(Journal)20704</subfield></datafield><datafield tag="856" ind1="4" ind2="0"><subfield code="u">http://dx.doi.org/10.1007/s40011-015-0498-9</subfield><subfield code="3">Available from publisher's site</subfield></datafield><datafield tag="912" ind1=" " ind2=" "><subfield code="a">Article</subfield></datafield><datafield tag="914" ind1=" " ind2=" "><subfield code="a">Journal:20704</subfield><subfield code="b">0369-8211</subfield><subfield code="c">86</subfield><subfield code="d">3</subfield><subfield code="e">667</subfield></datafield><datafield tag="914" ind1=" " ind2=" "><subfield code="f">Proceedings of the National Academy of Sciences, India, Section B: biological sciences</subfield></datafield><datafield tag="916" ind1=" " ind2=" "><subfield code="a">Batch:1583</subfield></datafield><datafield tag="917" ind1=" " ind2=" "><subfield code="a">issued</subfield></datafield><datafield tag="918" ind1="2" ind2=" "><subfield code="a">Springer</subfield><subfield code="e">provider</subfield><subfield code="5">DNAL</subfield></datafield><datafield tag="935" ind1=" " ind2=" "><subfield code="a">IND605483278</subfield><subfield code="9">ExL</subfield></datafield><datafield tag="949" ind1=" " ind2=" "><subfield code="a">2017-04-05</subfield></datafield><datafield tag="953" ind1=" " ind2=" "><subfield code="a">ftp_PUB_16-08-14_06-04-12.zip</subfield></datafield><datafield tag="962" ind1=" " ind2=" "><subfield code="a">Journal title changed from 'Proc. Natl. Acad. Sci., India, Sect. B Biol. Sci.'</subfield></datafield><datafield tag="962" ind1=" " ind2=" "><subfield code="a">Batch:1583 reviewed on 2017-04-05T16:00:02Z</subfield></datafield><datafield tag="974" ind1=" " ind2=" "><subfield code="a">agid:5483278</subfield></datafield><datafield tag="983" ind1=" " ind2=" "><subfield code="a">2-09-03</subfield></datafield><datafield tag="984" ind1=" " ind2=" "><subfield code="a">2017-04-05</subfield></datafield></record>