<record><leader>03808nab a2200601 u 4500</leader><controlfield tag="001">9915726261107426</controlfield><controlfield tag="005">20221122163035.0</controlfield><controlfield tag="008">190722e201908 xx |||||o|||||||||||eng||</controlfield><datafield tag="" ind1="7" ind2=" "><subfield code="a">IND606541643</subfield><subfield code="2">DNAL</subfield></datafield><datafield tag="024" ind1="7" ind2=" "><subfield code="a">10.1111/geb.12914</subfield><subfield code="2">doi</subfield></datafield><datafield tag="035" ind1=" " ind2=" "><subfield code="a">agid:6541643-01nal_inst</subfield></datafield><datafield tag="040" ind1=" " ind2=" "><subfield code="a">AGL</subfield><subfield code="b">eng</subfield><subfield code="c">AGL</subfield></datafield><datafield tag="100" ind1="1" ind2=" "><subfield code="a">Xia, Xuhua</subfield><subfield code="e">author</subfield><subfield code="u">Department of Biology, University of Ottawa, Ottawa, Ontario, Canada</subfield><subfield code="1">https://orcid.org/0000-0002-3092-7566</subfield></datafield><datafield tag="245" ind1="1" ind2="0"><subfield code="a">PGT: Visualizing temporal and spatial biogeographic patterns</subfield></datafield><datafield tag="300" ind1=" " ind2=" "><subfield code="a">p. 1195-1199.</subfield></datafield><datafield tag="500" ind1=" " ind2=" "><subfield code="a">JOURNAL ARTICLE</subfield></datafield><datafield tag="520" ind1=" " ind2=" "><subfield code="a">AIM: A geophylogeny, generated by mapping a phylogeny onto geographic regions, graphically summarizes large‐scale genetic variation over space and time, and is consequently crucial for conceptual understanding and visualization of global biogeographic patterns. The rapidly expanding DNA barcoding data with geographic coordinates associated with each specimen have dramatically increased the number of global phylogeographic studies that would benefit from software generating geophylogenies. A number of software programs have been developed, some with advanced features, but they either require additional software or are lacking in quality, especially in geographic resolution. INNOVATION: PGT (Phylogeographic Tree), freely available at http://dambe.bio.uottawa.ca/PGT/PGT.aspx, combines the highest map quality and user‐friendliness. It accesses Microsoft Bing Maps and Google Maps seamlessly and generates geophylogenies on high‐resolution regular or terrain maps. Only a few mouse clicks are needed from PGT installation to the generation of high‐resolution geophylogenies, making PGT perfect for both teaching and research in global ecology and biogeography. The input tree can be in NEXUS or Newick format, and the geographic data with latitude and longitude values can be in tab‐delimited or comma‐delimited format such as those exported from spreadsheet programs. A Quick‐Start guide is included in the built‐in help system. MAIN CONCLUSIONS: PGT is simpler, more elegant, and of much higher quality than alternatives for plotting phylogenetic trees over geographic regions for visualizing distribution of biodiversity over space and time.</subfield></datafield><datafield tag="592" ind1=" " ind2=" "><subfield code="a">Publisher supplied data</subfield></datafield><datafield tag="593" ind1=" " ind2=" "><subfield code="a">PubAg article</subfield></datafield><datafield tag="596" ind1=" " ind2=" "><subfield code="a">RGPIN/2018-03878</subfield><subfield code="c">Natural Sciences and Engineering Research Council of Canada</subfield></datafield><datafield tag="650" ind1=" " ind2="3"><subfield code="a">DNA barcoding</subfield></datafield><datafield tag="650" ind1=" " ind2="3"><subfield code="a">biodiversity</subfield></datafield><datafield tag="650" ind1=" " ind2="3"><subfield code="a">computer software</subfield></datafield><datafield tag="650" ind1=" " ind2="3"><subfield code="a">genetic variation</subfield></datafield><datafield tag="650" ind1=" " ind2="3"><subfield code="a">geographical distribution</subfield></datafield><datafield tag="650" ind1=" " ind2="3"><subfield code="a">landscapes</subfield></datafield><datafield tag="650" ind1=" " ind2="3"><subfield code="a">latitude</subfield></datafield><datafield tag="650" ind1=" " ind2="3"><subfield code="a">longitude</subfield></datafield><datafield tag="650" ind1=" " ind2="3"><subfield code="a">mice</subfield></datafield><datafield tag="650" ind1=" " ind2="3"><subfield code="a">phylogeny</subfield></datafield><datafield tag="650" ind1=" " ind2="3"><subfield code="a">phylogeography</subfield></datafield><datafield tag="650" ind1=" " ind2="3"><subfield code="a">space and time</subfield></datafield><datafield tag="650" ind1=" " ind2="3"><subfield code="a">trees</subfield></datafield><datafield tag="773" ind1="0" ind2=" "><subfield code="t">Global ecology and biogeography.</subfield><subfield code="g">2019 Aug., v. 28, no. 8 p.1195-1199</subfield><subfield code="d">John Wiley &amp; Sons, Ltd</subfield><subfield code="w">Journal:jnl3920180</subfield><subfield code="x">1466-822X</subfield><subfield code="7">nnas</subfield></datafield><datafield tag="787" ind1="1" ind2=" "><subfield code="o">islandora_article_repository</subfield></datafield><datafield tag="787" ind1="1" ind2=" "><subfield code="o">product_pubag</subfield></datafield><datafield tag="787" ind1="1" ind2=" "><subfield code="o">(Journal)jnl3920180</subfield></datafield><datafield tag="856" ind1="4" ind2="0"><subfield code="u">http://dx.doi.org/10.1111/geb.12914</subfield><subfield code="3">Available from publisher's site</subfield></datafield><datafield tag="912" ind1=" " ind2=" "><subfield code="a">Article</subfield></datafield><datafield tag="914" ind1=" " ind2=" "><subfield code="a">Journal:jnl3920180</subfield><subfield code="b">1466-822X</subfield><subfield code="c">28</subfield><subfield code="d">8</subfield><subfield code="e">1195</subfield></datafield><datafield tag="914" ind1=" " ind2=" "><subfield code="f">Global ecology and biogeography</subfield></datafield><datafield tag="916" ind1=" " ind2=" "><subfield code="a">Batch:2293</subfield></datafield><datafield tag="917" ind1=" " ind2=" "><subfield code="a">issued</subfield></datafield><datafield tag="918" ind1="2" ind2=" "><subfield code="a">John Wiley &amp; Sons, Inc</subfield><subfield code="e">provider</subfield><subfield code="5">DNAL</subfield></datafield><datafield tag="935" ind1=" " ind2=" "><subfield code="a">IND606541643</subfield><subfield code="9">ExL</subfield></datafield><datafield tag="949" ind1=" " ind2=" "><subfield code="a">2019-09-04</subfield></datafield><datafield tag="953" ind1=" " ind2=" "><subfield code="a">/data/metadata/incoming/wiley/1466822X_2019_28_8.xml</subfield></datafield><datafield tag="954" ind1=" " ind2=" "><subfield code="a">file:/data/metadata/staging/wiley/1466822X_2019_28_8.xml</subfield></datafield><datafield tag="955" ind1=" " ind2=" "><subfield code="a">/data/metadata/staging/wiley/</subfield></datafield><datafield tag="962" ind1=" " ind2=" "><subfield code="a">Batch:2293 reviewed on 2019-09-04T14:00:03Z</subfield></datafield><datafield tag="974" ind1=" " ind2=" "><subfield code="a">agid:6541643</subfield></datafield><datafield tag="983" ind1=" " ind2=" "><subfield code="a">2019-07-22</subfield></datafield><datafield tag="984" ind1=" " ind2=" "><subfield code="a">2019-09-04</subfield></datafield></record>