<record><leader>04244nab a2200589 u 4500</leader><controlfield tag="001">9915726498007426</controlfield><controlfield tag="005">20221120193214.0</controlfield><controlfield tag="008">180619e201804 xx |||||o|||||||||||eng||</controlfield><datafield tag="" ind1="7" ind2=" "><subfield code="a">IND605913314</subfield><subfield code="2">DNAL</subfield></datafield><datafield tag="024" ind1="7" ind2=" "><subfield code="a">10.1007/s00468-017-1653-0</subfield><subfield code="2">doi</subfield></datafield><datafield tag="035" ind1=" " ind2=" "><subfield code="a">agid:5913314-01nal_inst</subfield></datafield><datafield tag="040" ind1=" " ind2=" "><subfield code="a">AGL</subfield><subfield code="b">eng</subfield><subfield code="c">AGL</subfield></datafield><datafield tag="100" ind1="1" ind2=" "><subfield code="a">Shestakova, TatianaA.</subfield><subfield code="e">author</subfield><subfield code="u">Department of Evolutionary Biology, Ecology and Environmental Sciences, University of Barcelona, Avda. Diagonal 643, 08028, Barcelona, Spain. tasha.work24@gmail.com</subfield><subfield code="1">http://orcid.org/0000-0002-5605-0299</subfield></datafield><datafield tag="245" ind1="1" ind2="2"><subfield code="a">A roadmap to disentangling ecogeographical patterns of spatial synchrony in dendrosciences</subfield></datafield><datafield tag="300" ind1=" " ind2=" "><subfield code="a">p. 359-370.</subfield></datafield><datafield tag="500" ind1=" " ind2=" "><subfield code="a">Review</subfield></datafield><datafield tag="520" ind1=" " ind2=" "><subfield code="a">KEY MESSAGE: A systematic assessment of spatial synchrony in tree growth, a fundamental feature of spatiotemporal forest dynamics, can provide valuable insights into complex tree reactions across species and environmental gradients. The concept of spatial synchrony in ecology refers to the presence of coordinated time fluctuations in certain characteristics that can be observed in plant and animal communities inhabiting an area. It is a well-known phenomenon common to virtually every taxon, but comparatively little attention has been given to the study of the temporal coherence of forest tree performance across biogeographical gradients. In forest ecosystems, tree growth dynamics is primarily driven by climatic variability (i.e., the Moran effect). Due to rapid climate change, trees are increasingly pushed to their physiological limits up to the level that many populations are facing immediate risk of extinction. The characterization of synchrony patterns in tree growth can provide clues on the relevance of emerging climatic threats on forests, as new combinations of precipitation and temperature are entraining tree performance worldwide. In this regard, comprehensive and systematic approaches to analyse spatiotemporal dynamics of tree growth are needed. Here, we present a methodology for disentangling and interpreting how the variability and common signal strength of tree growth (or other traits) are structured in tree-ring networks. It is grounded on mixed modelling principles and broadens well-known theoretical principles in dendrosciences. Based on this approach, we describe the essential properties of spatial synchrony in tree growth at multiple geographical scales. We also discuss the potential of this methodology to discern early warning signals of climate change impacts on forest ecosystems.</subfield></datafield><datafield tag="592" ind1=" " ind2=" "><subfield code="a">Publisher supplied data</subfield></datafield><datafield tag="593" ind1=" " ind2=" "><subfield code="a">PubAg article</subfield></datafield><datafield tag="650" ind1=" " ind2="3"><subfield code="a">animal communities</subfield></datafield><datafield tag="650" ind1=" " ind2="3"><subfield code="a">biogeography</subfield></datafield><datafield tag="650" ind1=" " ind2="3"><subfield code="a">climate change</subfield></datafield><datafield tag="650" ind1=" " ind2="3"><subfield code="a">extinction</subfield></datafield><datafield tag="650" ind1=" " ind2="3"><subfield code="a">forest dynamics</subfield></datafield><datafield tag="650" ind1=" " ind2="3"><subfield code="a">forest ecosystems</subfield></datafield><datafield tag="650" ind1=" " ind2="3"><subfield code="a">forest trees</subfield></datafield><datafield tag="650" ind1=" " ind2="3"><subfield code="a">forests</subfield></datafield><datafield tag="650" ind1=" " ind2="3"><subfield code="a">growth rings</subfield></datafield><datafield tag="650" ind1=" " ind2="3"><subfield code="a">risk</subfield></datafield><datafield tag="650" ind1=" " ind2="3"><subfield code="a">temperature</subfield></datafield><datafield tag="650" ind1=" " ind2="3"><subfield code="a">tree growth</subfield></datafield><datafield tag="700" ind1="1" ind2=" "><subfield code="a">Gutiérrez, Emilia</subfield><subfield code="e">author</subfield><subfield code="u">Department of Evolutionary Biology, Ecology and Environmental Sciences, University of Barcelona, Avda. Diagonal 643, 08028, Barcelona, Spain</subfield><subfield code="1">http://orcid.org/0000-0002-6085-5700</subfield></datafield><datafield tag="700" ind1="1" ind2=" "><subfield code="a">Voltas, Jordi</subfield><subfield code="e">author</subfield><subfield code="u">Department of Crop and Forest Sciences, AGROTECNIO Center, University of Lleida, Avda. Rovira Roure 191, 25198, Lleida, Spain</subfield><subfield code="1">http://orcid.org/0000-0003-4051-1158</subfield></datafield><datafield tag="773" ind1="0" ind2=" "><subfield code="t">Trees.</subfield><subfield code="g">2018 Apr., v. 32, no. 2 p.359-370</subfield><subfield code="d">Springer Berlin Heidelberg</subfield><subfield code="w">Journal:jnl43090</subfield><subfield code="x">0931-1890</subfield><subfield code="7">nnas</subfield></datafield><datafield tag="787" ind1="1" ind2=" "><subfield code="o">islandora_article_repository</subfield></datafield><datafield tag="787" ind1="1" ind2=" "><subfield code="o">product_pubag</subfield></datafield><datafield tag="787" ind1="1" ind2=" "><subfield code="o">(Journal)jnl43090</subfield></datafield><datafield tag="856" ind1="4" ind2="0"><subfield code="u">https://dx.doi.org/10.1007/s00468-017-1653-0</subfield><subfield code="3">Available from publisher's site</subfield></datafield><datafield tag="912" ind1=" " ind2=" "><subfield code="a">Article</subfield></datafield><datafield tag="914" ind1=" " ind2=" "><subfield code="a">Journal:jnl43090</subfield><subfield code="b">0931-1890</subfield><subfield code="c">32</subfield><subfield code="d">2</subfield><subfield code="e">359</subfield></datafield><datafield tag="914" ind1=" " ind2=" "><subfield code="f">Trees</subfield></datafield><datafield tag="916" ind1=" " ind2=" "><subfield code="a">Batch:1974</subfield></datafield><datafield tag="917" ind1=" " ind2=" "><subfield code="a">issued</subfield></datafield><datafield tag="918" ind1="2" ind2=" "><subfield code="a">Springer</subfield><subfield code="e">provider</subfield><subfield code="5">DNAL</subfield></datafield><datafield tag="935" ind1=" " ind2=" "><subfield code="a">IND605913314</subfield><subfield code="9">ExL</subfield></datafield><datafield tag="949" ind1=" " ind2=" "><subfield code="a">2018-06-19</subfield></datafield><datafield tag="953" ind1=" " ind2=" "><subfield code="a">/data/metadata/incoming/springer/ftp_PUB_18-03-17_05-41-06.zip</subfield></datafield><datafield tag="954" ind1=" " ind2=" "><subfield code="a">file:/data/metadata/staging/springer/00468-32-2.xml</subfield></datafield><datafield tag="955" ind1=" " ind2=" "><subfield code="a">/data/metadata/staging/springer/</subfield></datafield><datafield tag="974" ind1=" " ind2=" "><subfield code="a">agid:5913314</subfield></datafield><datafield tag="983" ind1=" " ind2=" "><subfield code="a">2018-06-19</subfield></datafield><datafield tag="984" ind1=" " ind2=" "><subfield code="a">2018-06-19</subfield></datafield></record>