<record><leader>02688nab a2200601 u 4500</leader><controlfield tag="001">9915726639607426</controlfield><controlfield tag="005">20221122062651.0</controlfield><controlfield tag="008">160903e209 xx |||||o|||||||||||eng||</controlfield><datafield tag="" ind1="7" ind2=" "><subfield code="a">IND605484449</subfield><subfield code="2">DNAL</subfield></datafield><datafield tag="024" ind1="7" ind2=" "><subfield code="a">10.1134/S1067413616050155</subfield><subfield code="2">doi</subfield></datafield><datafield tag="035" ind1=" " ind2=" "><subfield code="a">agid:5484449-01nal_inst</subfield></datafield><datafield tag="040" ind1=" " ind2=" "><subfield code="a">AGL</subfield><subfield code="b">eng</subfield><subfield code="c">AGL</subfield></datafield><datafield tag="100" ind1="1" ind2=" "><subfield code="a">Vorobeichik, E. L.</subfield><subfield code="e">author</subfield></datafield><datafield tag="245" ind1="1" ind2="0"><subfield code="a">Industrial pollution reduces the effect of trees on forming the patterns of heavy metal concentration fields in forest litter</subfield></datafield><datafield tag="300" ind1=" " ind2=" "><subfield code="a">p. 431-441.</subfield></datafield><datafield tag="520" ind1=" " ind2=" "><subfield code="a">An analysis is made of the effect of large spruce and birch trees on the spatial pattern of the fields of heavy metal concentrations (Cu, Pb, Cd, Zn) and pH in the forest litter formed in tree stands exposed to long-term pollution with emissions from the copper smelter in Revda, Sverdlovsk oblast. The fields formed by trees growing in the background area have a regular spatial structure: the concentrations of elements decrease with increase in the distance from the tree trunk to the edge of canopy gap, with the position of sampling point relative to the trunk accounting for more than half of total variance. In polluted areas, the regular component of the field structure is very weakly expressed, and the main role is played by higher-order heterogeneity related to the mosaic pollution pattern on the scale of tens to hundreds of meters.</subfield></datafield><datafield tag="592" ind1=" " ind2=" "><subfield code="a">Publisher supplied data</subfield></datafield><datafield tag="593" ind1=" " ind2=" "><subfield code="a">PubAg article</subfield></datafield><datafield tag="650" ind1=" " ind2="3"><subfield code="a">Betula</subfield></datafield><datafield tag="650" ind1=" " ind2="3"><subfield code="a">Picea</subfield></datafield><datafield tag="650" ind1=" " ind2="3"><subfield code="a">cadmium</subfield></datafield><datafield tag="650" ind1=" " ind2="3"><subfield code="a">canopy gaps</subfield></datafield><datafield tag="650" ind1=" " ind2="3"><subfield code="a">copper</subfield></datafield><datafield tag="650" ind1=" " ind2="3"><subfield code="a">emissions</subfield></datafield><datafield tag="650" ind1=" " ind2="3"><subfield code="a">forest litter</subfield></datafield><datafield tag="650" ind1=" " ind2="3"><subfield code="a">heavy metals</subfield></datafield><datafield tag="650" ind1=" " ind2="3"><subfield code="a">lead</subfield></datafield><datafield tag="650" ind1=" " ind2="3"><subfield code="a">pH</subfield></datafield><datafield tag="650" ind1=" " ind2="3"><subfield code="a">pollution</subfield></datafield><datafield tag="650" ind1=" " ind2="3"><subfield code="a">tree trunk</subfield></datafield><datafield tag="650" ind1=" " ind2="3"><subfield code="a">trees</subfield></datafield><datafield tag="650" ind1=" " ind2="3"><subfield code="a">variance</subfield></datafield><datafield tag="650" ind1=" " ind2="3"><subfield code="a">zinc</subfield></datafield><datafield tag="700" ind1="1" ind2=" "><subfield code="a">Pishchulin, P. G.</subfield><subfield code="e">author</subfield></datafield><datafield tag="773" ind1="0" ind2=" "><subfield code="t">Russian journal of ecology.</subfield><subfield code="g">2 Sept., v. 47, no. 5 p.431-441</subfield><subfield code="d">Pleiades Publishing</subfield><subfield code="x">1067-4136</subfield><subfield code="7">nnas</subfield></datafield><datafield tag="787" ind1="1" ind2=" "><subfield code="o">islandora_article_repository</subfield></datafield><datafield tag="787" ind1="1" ind2=" "><subfield code="o">product_pubag</subfield></datafield><datafield tag="787" ind1="1" ind2=" "><subfield code="o">(Journal)jnl4237798</subfield></datafield><datafield tag="856" ind1="4" ind2="0"><subfield code="u">http://dx.doi.org/10.1134/S1067413616050155</subfield><subfield code="3">Available from publisher's site</subfield></datafield><datafield tag="912" ind1=" " ind2=" "><subfield code="a">Article</subfield></datafield><datafield tag="914" ind1=" " ind2=" "><subfield code="a">Journal:jnl4237798</subfield><subfield code="b">1067-4136</subfield><subfield code="c">47</subfield><subfield code="d">5</subfield><subfield code="e">431</subfield></datafield><datafield tag="914" ind1=" " ind2=" "><subfield code="f">Russian journal of ecology</subfield></datafield><datafield tag="916" ind1=" " ind2=" "><subfield code="a">Batch:1517</subfield></datafield><datafield tag="917" ind1=" " ind2=" "><subfield code="a">issued</subfield></datafield><datafield tag="918" ind1="2" ind2=" "><subfield code="a">Springer</subfield><subfield code="e">provider</subfield><subfield code="5">DNAL</subfield></datafield><datafield tag="935" ind1=" " ind2=" "><subfield code="a">IND605484449</subfield><subfield code="9">ExL</subfield></datafield><datafield tag="949" ind1=" " ind2=" "><subfield code="a">2017-01-31</subfield></datafield><datafield tag="953" ind1=" " ind2=" "><subfield code="a">ftp_PUB_16-08-20_06-08-06.zip</subfield></datafield><datafield tag="962" ind1=" " ind2=" "><subfield code="a">Journal title changed from 'Russ J Ecol'</subfield></datafield><datafield tag="962" ind1=" " ind2=" "><subfield code="a">Batch:1517 reviewed on 2017-01-31T04:00:03Z</subfield></datafield><datafield tag="974" ind1=" " ind2=" "><subfield code="a">agid:5484449</subfield></datafield><datafield tag="983" ind1=" " ind2=" "><subfield code="a">2-09-03</subfield></datafield><datafield tag="984" ind1=" " ind2=" "><subfield code="a">2017-01-31</subfield></datafield></record>