<record><leader>04740nab a2200697 u 4500</leader><controlfield tag="001">9915727164307426</controlfield><controlfield tag="005">20221121215937.0</controlfield><controlfield tag="008">180619e210 xx |||||o|||||||||||eng||</controlfield><datafield tag="" ind1="7" ind2=" "><subfield code="a">IND605484363</subfield><subfield code="2">DNAL</subfield></datafield><datafield tag="024" ind1="7" ind2=" "><subfield code="a">10.1007/s11295--1039-2</subfield><subfield code="2">doi</subfield></datafield><datafield tag="035" ind1=" " ind2=" "><subfield code="a">agid:5484363-01nal_inst</subfield></datafield><datafield tag="040" ind1=" " ind2=" "><subfield code="a">AGL</subfield><subfield code="b">eng</subfield><subfield code="c">AGL</subfield></datafield><datafield tag="100" ind1="1" ind2=" "><subfield code="a">Addisalem, A.B.</subfield><subfield code="e">author</subfield><subfield code="u">Wageningen UR Plant Breeding, Wageningen University and Research Center, PO Box 386, NL-6700 AJ, Wageningen, The Netherlands</subfield></datafield><datafield tag="245" ind1="1" ind2="0"><subfield code="a">Fine-scale spatial genetic structure in the frankincense tree Boswellia papyrifera (Del.) Hochst. and implications for conservation</subfield></datafield><datafield tag="300" ind1=" " ind2=" "><subfield code="a">p. 86.</subfield></datafield><datafield tag="520" ind1=" " ind2=" "><subfield code="a">The fine-scale genetic structure and how it varies between generations depends on the spatial scale of gene dispersal and other fundamental aspects of species’ biology, such as the mating system. Such knowledge is crucial for the design of genetic conservation strategies. This is particularly relevant for species that are increasingly fragmented such as Boswellia papyrifera. This species occurs in dry tropical forests from Ethiopia, Eritrea and Sudan and is an important source of frankincense, a highly valued aromatic resin obtained from the bark of the tree. This study assessed the genetic diversity and fine-scale spatial genetic structure (FSGS) of two cohorts (adults and seedlings) from two populations (Guba-Arenja and Kurmuk) in Western Ethiopia and inferred intra-population gene dispersal in the species, using microsatellite markers. The expected heterozygosity (H E) was 0.664–0.724. The spatial analyses based on kinship coefficient (F ᵢⱼ) revealed a significant positive genetic correlation up to a distance of 130 m. Spatial genetic structure was relatively weak (Sp = 0.002–0.014) indicating that gene dispersal is extensive within the populations. Based on the FSGS patterns found, we estimate indirectly gene dispersal distances of 103 and 124 m for the two populations studied. The high heterozygosity, the low fixation index and the low Sp values found in this study are consistent with outcrossing as the (predominant) mating system in B. papyrifera. We suggest that seed collection for ex situ conservation and reforestation programmes of B. papyrifera should use trees separated by distances of at least 100 m but preferably 150 m to limit genetic relatedness among seeds from different trees.</subfield></datafield><datafield tag="592" ind1=" " ind2=" "><subfield code="a">Publisher supplied data</subfield></datafield><datafield tag="593" ind1=" " ind2=" "><subfield code="a">PubAg article</subfield></datafield><datafield tag="650" ind1=" " ind2="3"><subfield code="a">Boswellia</subfield></datafield><datafield tag="650" ind1=" " ind2="3"><subfield code="a">adults</subfield></datafield><datafield tag="650" ind1=" " ind2="3"><subfield code="a">ex situ conservation</subfield></datafield><datafield tag="650" ind1=" " ind2="3"><subfield code="a">genes</subfield></datafield><datafield tag="650" ind1=" " ind2="3"><subfield code="a">genetic correlation</subfield></datafield><datafield tag="650" ind1=" " ind2="3"><subfield code="a">genetic markers</subfield></datafield><datafield tag="650" ind1=" " ind2="3"><subfield code="a">genetic variation</subfield></datafield><datafield tag="650" ind1=" " ind2="3"><subfield code="a">germplasm conservation</subfield></datafield><datafield tag="650" ind1=" " ind2="3"><subfield code="a">heterozygosity</subfield></datafield><datafield tag="650" ind1=" " ind2="3"><subfield code="a">kinship</subfield></datafield><datafield tag="650" ind1=" " ind2="3"><subfield code="a">mating systems</subfield></datafield><datafield tag="650" ind1=" " ind2="3"><subfield code="a">outcrossing</subfield></datafield><datafield tag="650" ind1=" " ind2="3"><subfield code="a">reforestation</subfield></datafield><datafield tag="650" ind1=" " ind2="3"><subfield code="a">seed collecting</subfield></datafield><datafield tag="650" ind1=" " ind2="3"><subfield code="a">seedlings</subfield></datafield><datafield tag="650" ind1=" " ind2="3"><subfield code="a">seeds</subfield></datafield><datafield tag="650" ind1=" " ind2="3"><subfield code="a">species dispersal</subfield></datafield><datafield tag="650" ind1=" " ind2="3"><subfield code="a">trees</subfield></datafield><datafield tag="650" ind1=" " ind2="3"><subfield code="a">tropical forests</subfield></datafield><datafield tag="651" ind1=" " ind2="3"><subfield code="a">Ethiopia</subfield></datafield><datafield tag="700" ind1="1" ind2=" "><subfield code="a">Duminil, J.</subfield><subfield code="e">author</subfield><subfield code="u">Bioversity International, Forest Genetic Resources Programme, Sub-Regional Office for Central Africa, P.O. Box 2008, Messa, Yaoundé, Cameroon</subfield></datafield><datafield tag="700" ind1="1" ind2=" "><subfield code="a">Wouters, D.</subfield><subfield code="e">author</subfield><subfield code="u">Wageningen UR Plant Breeding, Wageningen University and Research Center, PO Box 386, NL-6700 AJ, Wageningen, The Netherlands</subfield></datafield><datafield tag="700" ind1="1" ind2=" "><subfield code="a">Bongers, F.</subfield><subfield code="e">author</subfield><subfield code="u">Forest Ecology and Forest Management Group, Wageningen University and Research Center, PO Box 47, NL-6700 AA, Wageningen, The Netherlands</subfield></datafield><datafield tag="700" ind1="1" ind2=" "><subfield code="a">Smulders, M.J. M.</subfield><subfield code="e">author</subfield><subfield code="u">Wageningen UR Plant Breeding, Wageningen University and Research Center, PO Box 386, NL-6700 AJ, Wageningen, The Netherlands. rene.smulders@wur.nl</subfield><subfield code="1">http://orcid.org/0000-0002-8549-6046</subfield></datafield><datafield tag="773" ind1="0" ind2=" "><subfield code="t">Tree genetics &amp; genomes.</subfield><subfield code="g">2 Oct., v. 12, no. 5 p.86-86</subfield><subfield code="d">Springer Berlin Heidelberg</subfield><subfield code="w">Journal:jnl3949857</subfield><subfield code="x">1614-2942</subfield><subfield code="7">nnas</subfield></datafield><datafield tag="787" ind1="1" ind2=" "><subfield code="o">islandora_article_repository</subfield></datafield><datafield tag="787" ind1="1" ind2=" "><subfield code="o">product_pubag</subfield></datafield><datafield tag="787" ind1="1" ind2=" "><subfield code="o">(Journal)jnl3949857</subfield></datafield><datafield tag="856" ind1="4" ind2="0"><subfield code="u">https://dx.doi.org/10.1007/s11295--1039-2</subfield><subfield code="3">Available from publisher's site</subfield></datafield><datafield tag="912" ind1=" " ind2=" "><subfield code="a">Article</subfield></datafield><datafield tag="914" ind1=" " ind2=" "><subfield code="a">Journal:jnl3949857</subfield><subfield code="b">1614-2942</subfield><subfield code="c">12</subfield><subfield code="d">5</subfield><subfield code="e">86</subfield></datafield><datafield tag="914" ind1=" " ind2=" "><subfield code="f">Tree genetics &amp; genomes</subfield></datafield><datafield tag="916" ind1=" " ind2=" "><subfield code="a">Batch:1510</subfield></datafield><datafield tag="917" ind1=" " ind2=" "><subfield code="a">issued</subfield></datafield><datafield tag="918" ind1="2" ind2=" "><subfield code="a">Springer</subfield><subfield code="e">provider</subfield><subfield code="5">DNAL</subfield></datafield><datafield tag="935" ind1=" " ind2=" "><subfield code="a">IND605484363</subfield><subfield code="9">ExL</subfield></datafield><datafield tag="949" ind1=" " ind2=" "><subfield code="a">2018-06-19</subfield></datafield><datafield tag="953" ind1=" " ind2=" "><subfield code="a">/data/metadata/incoming/springer/ftp_PUB_18-01-25_12-16-24.zip</subfield></datafield><datafield tag="954" ind1=" " ind2=" "><subfield code="a">file:/data/metadata/staging/springer/11295-12-5.xml</subfield></datafield><datafield tag="955" ind1=" " ind2=" "><subfield code="a">/data/metadata/staging/springer/</subfield></datafield><datafield tag="974" ind1=" " ind2=" "><subfield code="a">agid:5484363</subfield></datafield><datafield tag="983" ind1=" " ind2=" "><subfield code="a">2018-06-19</subfield></datafield><datafield tag="984" ind1=" " ind2=" "><subfield code="a">2018-06-19</subfield></datafield></record>