<record><leader>04688nab a2200709 u 4500</leader><controlfield tag="001">9915727180207426</controlfield><controlfield tag="005">20221121235912.0</controlfield><controlfield tag="008">210527e202106 xx |||||o|||||||||||eng||</controlfield><datafield tag="" ind1="7" ind2=" "><subfield code="a">IND607393253</subfield><subfield code="2">DNAL</subfield></datafield><datafield tag="024" ind1="7" ind2=" "><subfield code="a">10.1111/pce.14037</subfield><subfield code="2">doi</subfield></datafield><datafield tag="035" ind1=" " ind2=" "><subfield code="a">agid:7393253-01nal_inst</subfield></datafield><datafield tag="040" ind1=" " ind2=" "><subfield code="a">AGL</subfield><subfield code="b">eng</subfield><subfield code="c">AGL</subfield></datafield><datafield tag="100" ind1="1" ind2=" "><subfield code="a">Xie, Ruohan</subfield><subfield code="e">author</subfield><subfield code="u">MOE Key Laboratory of Environment Remediation and Ecological Health, College of Environmental &amp; Resource Science, Zhejiang University, Hangzhou, China</subfield></datafield><datafield tag="245" ind1="1" ind2="0"><subfield code="a">Spatial imaging reveals the pathways of Zn transport and accumulation during reproductive growth stage in almond plants</subfield></datafield><datafield tag="300" ind1=" " ind2=" "><subfield code="a">p. 1858-1868.</subfield></datafield><datafield tag="500" ind1=" " ind2=" "><subfield code="a">NAL-AP-2-clean</subfield></datafield><datafield tag="500" ind1=" " ind2=" "><subfield code="a">JOURNAL ARTICLE</subfield></datafield><datafield tag="520" ind1=" " ind2=" "><subfield code="a">The reproductive processes of several deciduous trees are highly sensitive to Zn deficiency. An understanding of the patterns of Zn storage and remobilization during bud development and bud break is critical for the development of fertilization strategies to prevent deficiencies and may be valuable in selection and breeding programs to develop more Zn‐resilient cultivars. In this study, we provide insights into the in situ distribution of Zn in almond reproductive organs at tissue, cellular, and subcellular scales using synchrotron‐based X‐ray fluorescence. The concentrations of Zn in different parts of the vegetative and reproductive tissues were also analysed. Our results show that the small branches subtending the flower and fruit, pollen grain, transmitting tissues of styles, and seed embryo are all important storage sites for Zn. An increase in Zn concentrations in almond reproductive organs mostly occur during the expanding growth phase, such as bud‐flush and the mid‐fruit enlargement stage; however, Zn transport to floral parts and fruit tissues was restricted at the pedicel and seed coat, suggesting a bottleneck in the export of Zn from the mother plant to filial tissues. Our results provide direct visual evidence for in‐situ Zn distribution within the reproductive tissues of a deciduous tree species.</subfield></datafield><datafield tag="592" ind1=" " ind2=" "><subfield code="a">Publisher supplied data</subfield></datafield><datafield tag="593" ind1=" " ind2=" "><subfield code="a">PubAg article</subfield></datafield><datafield tag="596" ind1=" " ind2=" "><subfield code="a">31471939</subfield><subfield code="c">National Natural Science Foundation of China</subfield></datafield><datafield tag="596" ind1=" " ind2=" "><subfield code="a">41877116</subfield><subfield code="c">National Natural Science Foundation of China</subfield></datafield><datafield tag="596" ind1=" " ind2=" "><subfield code="a">P41RR001209</subfield><subfield code="c">National Institutes of Health, National Center for Research Resources, Biomedical Technology Program</subfield></datafield><datafield tag="650" ind1=" " ind2="3"><subfield code="a">X-radiation</subfield></datafield><datafield tag="650" ind1=" " ind2="3"><subfield code="a">almonds</subfield></datafield><datafield tag="650" ind1=" " ind2="3"><subfield code="a">budbreak</subfield></datafield><datafield tag="650" ind1=" " ind2="3"><subfield code="a">cultivars</subfield></datafield><datafield tag="650" ind1=" " ind2="3"><subfield code="a">developmental stages</subfield></datafield><datafield tag="650" ind1=" " ind2="3"><subfield code="a">environment</subfield></datafield><datafield tag="650" ind1=" " ind2="3"><subfield code="a">exports</subfield></datafield><datafield tag="650" ind1=" " ind2="3"><subfield code="a">flowers</subfield></datafield><datafield tag="650" ind1=" " ind2="3"><subfield code="a">fluorescence</subfield></datafield><datafield tag="650" ind1=" " ind2="3"><subfield code="a">fruits</subfield></datafield><datafield tag="650" ind1=" " ind2="3"><subfield code="a">pedicel</subfield></datafield><datafield tag="650" ind1=" " ind2="3"><subfield code="a">pollen</subfield></datafield><datafield tag="650" ind1=" " ind2="3"><subfield code="a">seed coat</subfield></datafield><datafield tag="650" ind1=" " ind2="3"><subfield code="a">trees</subfield></datafield><datafield tag="700" ind1="1" ind2=" "><subfield code="a">Zhao, Jianqi</subfield><subfield code="e">author</subfield><subfield code="u">MOE Key Laboratory of Environment Remediation and Ecological Health, College of Environmental &amp; Resource Science, Zhejiang University, Hangzhou, China</subfield></datafield><datafield tag="700" ind1="1" ind2=" "><subfield code="a">Lu, Lingli</subfield><subfield code="e">author</subfield><subfield code="u">MOE Key Laboratory of Environment Remediation and Ecological Health, College of Environmental &amp; Resource Science, Zhejiang University, Hangzhou, China</subfield></datafield><datafield tag="700" ind1="1" ind2=" "><subfield code="a">Jernstedt, Judy</subfield><subfield code="e">author</subfield><subfield code="u">Department of Plant Sciences, University of California, Davis, California, USA</subfield></datafield><datafield tag="700" ind1="1" ind2=" "><subfield code="a">Guo, Jiansheng</subfield><subfield code="e">author</subfield><subfield code="u">Department of Pathology of Sir Run Run Shaw Hospital, Zhejiang University School of Medicine, Hangzhou, China</subfield></datafield><datafield tag="700" ind1="1" ind2=" "><subfield code="a">Brown, Patrick H.</subfield><subfield code="e">author</subfield><subfield code="u">Department of Plant Sciences, University of California, Davis, California, USA</subfield></datafield><datafield tag="700" ind1="1" ind2=" "><subfield code="a">Tian, Shengke</subfield><subfield code="e">author</subfield><subfield code="u">MOE Key Laboratory of Environment Remediation and Ecological Health, College of Environmental &amp; Resource Science, Zhejiang University, Hangzhou, China</subfield><subfield code="1">https://orcid.org/0000-0001-8242-3581</subfield></datafield><datafield tag="773" ind1="0" ind2=" "><subfield code="t">Plant, cell and environment.</subfield><subfield code="g">2021 June, v. 44, no. 6 p.1858-1868</subfield><subfield code="d">John Wiley &amp; Sons, Ltd.</subfield><subfield code="w">Journal:jnl11406</subfield><subfield code="x">0140-7791</subfield><subfield code="7">nnas</subfield></datafield><datafield tag="787" ind1="1" ind2=" "><subfield code="o">islandora_article_repository</subfield></datafield><datafield tag="787" ind1="1" ind2=" "><subfield code="o">product_pubag</subfield></datafield><datafield tag="787" ind1="1" ind2=" "><subfield code="o">(Journal)jnl11406</subfield></datafield><datafield tag="856" ind1="4" ind2="0"><subfield code="u">http://dx.doi.org/10.1111/pce.14037</subfield><subfield code="3">Available from publisher's site</subfield></datafield><datafield tag="912" ind1=" " ind2=" "><subfield code="a">Article</subfield></datafield><datafield tag="914" ind1=" " ind2=" "><subfield code="a">Journal:jnl11406</subfield><subfield code="b">0140-7791</subfield><subfield code="c">44</subfield><subfield code="d">6</subfield><subfield code="e">1858</subfield></datafield><datafield tag="914" ind1=" " ind2=" "><subfield code="f">Plant, cell and environment</subfield></datafield><datafield tag="916" ind1=" " ind2=" "><subfield code="a">Batch:10136</subfield></datafield><datafield tag="917" ind1=" " ind2=" "><subfield code="a">issued</subfield></datafield><datafield tag="918" ind1="2" ind2=" "><subfield code="a">John Wiley &amp; Sons, Inc</subfield><subfield code="e">provider</subfield><subfield code="5">DNAL</subfield></datafield><datafield tag="935" ind1=" " ind2=" "><subfield code="a">IND607393253</subfield><subfield code="9">ExL</subfield></datafield><datafield tag="949" ind1=" " ind2=" "><subfield code="a">2021-06-16</subfield></datafield><datafield tag="953" ind1=" " ind2=" "><subfield code="a">/data/metadata/incoming/wiley/01407791_2021_44_6.xml</subfield></datafield><datafield tag="954" ind1=" " ind2=" "><subfield code="a">file:/data/metadata/staging/wiley/01407791_2021_44_6.xml</subfield></datafield><datafield tag="955" ind1=" " ind2=" "><subfield code="a">/data/metadata/staging/wiley/</subfield></datafield><datafield tag="974" ind1=" " ind2=" "><subfield code="a">agid:7393253</subfield></datafield><datafield tag="983" ind1=" " ind2=" "><subfield code="a">2021-05-27</subfield></datafield><datafield tag="984" ind1=" " ind2=" "><subfield code="a">2021-06-16</subfield></datafield></record>