<record><leader>04665nab a2200925 u 4500</leader><controlfield tag="001">9915727317507426</controlfield><controlfield tag="005">20221123020120.0</controlfield><controlfield tag="008">070819e200709 xx |||||o|||||||||||eng||</controlfield><datafield tag="" ind1="7" ind2=" "><subfield code="a">IND43942391</subfield><subfield code="2">DNAL</subfield></datafield><datafield tag="024" ind1="7" ind2=" "><subfield code="a">17602257</subfield><subfield code="2">pmid</subfield></datafield><datafield tag="024" ind1="7" ind2=" "><subfield code="a">10.1007/s00267-006-0112-2</subfield><subfield code="2">doi</subfield></datafield><datafield tag="035" ind1=" " ind2=" "><subfield code="a">agid:2875037-01nal_inst</subfield></datafield><datafield tag="040" ind1=" " ind2=" "><subfield code="a">AGL</subfield><subfield code="b">eng</subfield><subfield code="c">AGL</subfield></datafield><datafield tag="100" ind1="1" ind2=" "><subfield code="a">Troy, Austin R. </subfield></datafield><datafield tag="245" ind1="1" ind2="0"><subfield code="a">Predicting Opportunities for Greening and Patterns of Vegetation on Private Urban Lands</subfield></datafield><datafield tag="300" ind1=" " ind2=" "><subfield code="a">p. 394-412.</subfield></datafield><datafield tag="520" ind1=" " ind2=" "><subfield code="a">This paper examines predictors of vegetative cover on private lands in Baltimore, Maryland. Using high-resolution spatial data, we generated two measures: “possible stewardship,” which is the proportion of private land that does not have built structures on it and hence has the possibility of supporting vegetation, and “realized stewardship,” which is the proportion of possible stewardship land upon which vegetation is growing. These measures were calculated at the parcel level and averaged by US Census block group. Realized stewardship was further defined by proportion of tree canopy and grass. Expenditures on yard supplies and services, available by block group, were used to help understand where vegetation condition appears to be the result of current activity, past legacies, or abandonment. PRIZM[trade mark sign] market segmentation data were tested as categorical predictors of possible and realized stewardship and yard expenditures. PRIZM[trade mark sign] segmentations are hierarchically clustered into 5, 15, and 62 categories, which correspond to population density, social stratification (income and education), and lifestyle clusters, respectively. We found that PRIZM 15 best predicted variation in possible stewardship and PRIZM 62 best predicted variation in realized stewardship. These results were further analyzed by regressing each dependent variable against a set of continuous variables reflective of each of the three PRIZM groupings. Housing age, vacancy, and population density were found to be critical determinants of both stewardship metrics. A number of lifestyle factors, such as average family size, marriage rates, and percentage of single-family detached homes, were strongly related to realized stewardship. The percentage of African Americans by block group was positively related to realized stewardship but negatively related to yard expenditures.</subfield></datafield><datafield tag="593" ind1=" " ind2=" "><subfield code="a">PubAg article</subfield></datafield><datafield tag="650" ind1=" " ind2="3"><subfield code="a">African Americans</subfield></datafield><datafield tag="650" ind1=" " ind2="3"><subfield code="a">canopy</subfield></datafield><datafield tag="650" ind1=" " ind2="3"><subfield code="a">education</subfield></datafield><datafield tag="650" ind1=" " ind2="3"><subfield code="a">family size</subfield></datafield><datafield tag="650" ind1=" " ind2="3"><subfield code="a">grasses</subfield></datafield><datafield tag="650" ind1=" " ind2="3"><subfield code="a">income</subfield></datafield><datafield tag="650" ind1=" " ind2="3"><subfield code="a">lifestyle</subfield></datafield><datafield tag="650" ind1=" " ind2="3"><subfield code="a">market segmentation</subfield></datafield><datafield tag="650" ind1=" " ind2="3"><subfield code="a">marriage</subfield></datafield><datafield tag="650" ind1=" " ind2="3"><subfield code="a">population density</subfield></datafield><datafield tag="650" ind1=" " ind2="3"><subfield code="a">prediction</subfield></datafield><datafield tag="650" ind1=" " ind2="3"><subfield code="a">private lands</subfield></datafield><datafield tag="650" ind1=" " ind2="3"><subfield code="a">social structure</subfield></datafield><datafield tag="650" ind1=" " ind2="3"><subfield code="a">spatial data</subfield></datafield><datafield tag="650" ind1=" " ind2="3"><subfield code="a">trees</subfield></datafield><datafield tag="650" ind1=" " ind2="3"><subfield code="a">vegetation</subfield></datafield><datafield tag="650" ind1=" " ind2="2"><subfield code="a">Agriculture</subfield></datafield><datafield tag="650" ind1=" " ind2="2"><subfield code="a">Conservation of Natural Resources</subfield></datafield><datafield tag="650" ind1=" " ind2="2"><subfield code="a">Educational Status</subfield></datafield><datafield tag="650" ind1=" " ind2="2"><subfield code="a">Environment Design</subfield></datafield><datafield tag="650" ind1=" " ind2="2"><subfield code="a">Forecasting</subfield></datafield><datafield tag="650" ind1=" " ind2="2"><subfield code="a">Humans</subfield></datafield><datafield tag="650" ind1=" " ind2="2"><subfield code="a">Life Style</subfield></datafield><datafield tag="650" ind1=" " ind2="2"><subfield code="a">Plant Development</subfield></datafield><datafield tag="650" ind1=" " ind2="2"><subfield code="a">Population Density</subfield></datafield><datafield tag="650" ind1=" " ind2="2"><subfield code="a">Population Groups</subfield></datafield><datafield tag="650" ind1=" " ind2="2"><subfield code="a">Socioeconomic Factors</subfield></datafield><datafield tag="650" ind1=" " ind2="2"><subfield code="a">Trees</subfield><subfield code="x">growth &amp; development</subfield></datafield><datafield tag="650" ind1=" " ind2="2"><subfield code="a">Urban Population</subfield></datafield><datafield tag="650" ind1=" " ind2="2"><subfield code="a">Urban Renewal</subfield></datafield><datafield tag="651" ind1=" " ind2="3"><subfield code="a">Maryland</subfield></datafield><datafield tag="651" ind1=" " ind2="0"><subfield code="a">Baltimore</subfield></datafield><datafield tag="651" ind1=" " ind2="0"><subfield code="a">Maryland</subfield></datafield><datafield tag="653" ind1=" " ind2="0"><subfield code="a">Urban ecology</subfield></datafield><datafield tag="653" ind1=" " ind2="0"><subfield code="a">Neighborhood segmentation</subfield></datafield><datafield tag="653" ind1=" " ind2="0"><subfield code="a">Baltimore LTER</subfield></datafield><datafield tag="653" ind1=" " ind2="0"><subfield code="a">Urban greening</subfield></datafield><datafield tag="700" ind1="1" ind2=" "><subfield code="a">Grove, J. Morgan </subfield></datafield><datafield tag="700" ind1="1" ind2=" "><subfield code="a">O'Neil-Dunne, Jarlath P. M. </subfield></datafield><datafield tag="700" ind1="1" ind2=" "><subfield code="a">Pickett, Steward T. A. </subfield></datafield><datafield tag="700" ind1="1" ind2=" "><subfield code="a">Cadenasso, Mary L. </subfield></datafield><datafield tag="773" ind1="0" ind2=" "><subfield code="t">Environmental management.</subfield><subfield code="g">2007 Sept., v. 40, no. 3 p.394-412</subfield><subfield code="d">New York : Springer-Verlag</subfield><subfield code="x">0364-152X</subfield><subfield code="7">nnas</subfield></datafield><datafield tag="787" ind1="1" ind2=" "><subfield code="o">islandora_article_repository</subfield></datafield><datafield tag="787" ind1="1" ind2=" "><subfield code="o">product_pubag</subfield></datafield><datafield tag="787" ind1="1" ind2=" "><subfield code="o">(Journal)jnl8014</subfield></datafield><datafield tag="852" ind1=" " ind2=" "><subfield code="a">DNAL</subfield></datafield><datafield tag="856" ind1="4" ind2="0"><subfield code="u">http://dx.doi.org/10.1007/s00267-006-0112-2</subfield><subfield code="3">Available from publisher's Web site</subfield></datafield><datafield tag="912" ind1=" " ind2=" "><subfield code="a">Article</subfield></datafield><datafield tag="914" ind1=" " ind2=" "><subfield code="a">Journal:jnl8014</subfield></datafield><datafield tag="914" ind1=" " ind2=" "><subfield code="f">Environmental management</subfield></datafield><datafield tag="916" ind1=" " ind2=" "><subfield code="a">Batch:1308</subfield></datafield><datafield tag="917" ind1=" " ind2=" "><subfield code="a">issued</subfield></datafield><datafield tag="930" ind1=" " ind2=" "><subfield code="a">20070819</subfield><subfield code="b">20070902</subfield><subfield code="c">00000000</subfield></datafield><datafield tag="935" ind1=" " ind2=" "><subfield code="a">IND43942391</subfield><subfield code="9">ExL</subfield></datafield><datafield tag="946" ind1=" " ind2=" "><subfield code="a">Other US</subfield></datafield><datafield tag="949" ind1=" " ind2=" "><subfield code="a">2-06-15</subfield></datafield><datafield tag="952" ind1=" " ind2=" "><subfield code="a">20070819 20070902 00000000</subfield></datafield><datafield tag="962" ind1=" " ind2=" "><subfield code="a">Batch:1308 reviewed on 2-06-15T13:00:03Z</subfield></datafield><datafield tag="974" ind1=" " ind2=" "><subfield code="a">agid:2875037</subfield></datafield><datafield tag="984" ind1=" " ind2=" "><subfield code="a">2-06-15</subfield></datafield><datafield tag="985" ind1=" " ind2=" "><subfield code="a">Converted from MARCXML to MODS version 3.4 using MARC21slim2MODS3-4.xsl (Revision 1.95 2014/04/23)</subfield></datafield><datafield tag="986" ind1=" " ind2=" "><subfield code="a">3942391</subfield></datafield></record>