<record><leader>04440nab a2200673 u 4500</leader><controlfield tag="001">9915727367707426</controlfield><controlfield tag="005">20221120050525.0</controlfield><controlfield tag="008">170712e201705 xx |||||o|||||||||||eng||</controlfield><datafield tag="" ind1="7" ind2=" "><subfield code="a">IND605722396</subfield><subfield code="2">DNAL</subfield></datafield><datafield tag="024" ind1="7" ind2=" "><subfield code="a">10.1111/mec.14044</subfield><subfield code="2">doi</subfield></datafield><datafield tag="035" ind1=" " ind2=" "><subfield code="a">agid:5722396-01nal_inst</subfield></datafield><datafield tag="040" ind1=" " ind2=" "><subfield code="a">AGL</subfield><subfield code="b">eng</subfield><subfield code="c">AGL</subfield></datafield><datafield tag="100" ind1="1" ind2=" "><subfield code="a">Bertrand, Joris A.M.</subfield><subfield code="e">author</subfield><subfield code="u">Institute of Oceanography, National Taiwan University, N°1, Sec. 4, Roosevelt Rd., Taipei 10617, Taiwan</subfield></datafield><datafield tag="245" ind1="1" ind2="0"><subfield code="a">Phylogeography of the sergeants Abudefduf sexfasciatus and A. vaigiensis reveals complex introgression patterns between two widespread and sympatric Indo‐West Pacific reef fishes</subfield></datafield><datafield tag="300" ind1=" " ind2=" "><subfield code="a">p. 2527-2542.</subfield></datafield><datafield tag="500" ind1=" " ind2=" "><subfield code="a">JOURNAL ARTICLE</subfield></datafield><datafield tag="520" ind1=" " ind2=" "><subfield code="a">On evolutionary timescales, sea level oscillations lead to recurrent spatio‐temporal variation in species distribution and population connectivity. In this situation, applying classical concepts of biogeography is challenging yet necessary to understand the mechanisms underlying biodiversity in highly diverse marine ecosystems such as coral reefs. We aimed at studying the outcomes of such complex biogeographic dynamics on reproductive isolation by sampling populations across a wide spatial range of a species‐rich fish genus: the sergeants (Pomacentridae: Abudefduf). We generated a mutlilocus data set that included ten morpho‐species from 32 Indo‐West Pacific localities. We observed a pattern of mito‐nuclear discordance in two common and widely distributed species: Abudefduf sexfasciatus and Abudefduf vaigiensis. The results showed three regional sublineages (Indian Ocean, Coral Triangle region, western Pacific) in A. sexfasciatus (0.6–1.5% divergence at cytb). The other species, A. vaigiensis, is polyphyletic and consists of three distinct genetic lineages (A, B and C) (9% divergence at cytb) whose geographic ranges overlap. Although A. vaigiensis A and A. sexfasciatus were found to be distinct based on nuclear information, A. vaigiensis A was found to be nested within A. sexfasciatus in the mitochondrial gene tree. A. sexfasciatus from the Coral Triangle region and A. vaigiensis A were not differentiated from each other at the mitochondrial locus. We then used coalescent‐based simulation to characterize a spatially widespread but weak gene flow between the two species. We showed that these fishes are good candidates to investigate the evolutionary complexity of the discrepancies between phenotypic and genetic similarity in closely related species.</subfield></datafield><datafield tag="592" ind1=" " ind2=" "><subfield code="a">Publisher supplied data</subfield></datafield><datafield tag="593" ind1=" " ind2=" "><subfield code="a">PubAg article</subfield></datafield><datafield tag="650" ind1=" " ind2="3"><subfield code="a">Abudefduf</subfield></datafield><datafield tag="650" ind1=" " ind2="3"><subfield code="a">biodiversity</subfield></datafield><datafield tag="650" ind1=" " ind2="3"><subfield code="a">coral reefs</subfield></datafield><datafield tag="650" ind1=" " ind2="3"><subfield code="a">data collection</subfield></datafield><datafield tag="650" ind1=" " ind2="3"><subfield code="a">fish</subfield></datafield><datafield tag="650" ind1=" " ind2="3"><subfield code="a">gene flow</subfield></datafield><datafield tag="650" ind1=" " ind2="3"><subfield code="a">genetic similarity</subfield></datafield><datafield tag="650" ind1=" " ind2="3"><subfield code="a">introgression</subfield></datafield><datafield tag="650" ind1=" " ind2="3"><subfield code="a">loci</subfield></datafield><datafield tag="650" ind1=" " ind2="3"><subfield code="a">marine ecosystems</subfield></datafield><datafield tag="650" ind1=" " ind2="3"><subfield code="a">mitochondria</subfield></datafield><datafield tag="650" ind1=" " ind2="3"><subfield code="a">phenotype</subfield></datafield><datafield tag="650" ind1=" " ind2="3"><subfield code="a">phylogeography</subfield></datafield><datafield tag="650" ind1=" " ind2="3"><subfield code="a">polyphyly</subfield></datafield><datafield tag="650" ind1=" " ind2="3"><subfield code="a">reproductive isolation</subfield></datafield><datafield tag="650" ind1=" " ind2="3"><subfield code="a">sea level</subfield></datafield><datafield tag="650" ind1=" " ind2="3"><subfield code="a">spatial variation</subfield></datafield><datafield tag="650" ind1=" " ind2="3"><subfield code="a">sympatry</subfield></datafield><datafield tag="650" ind1=" " ind2="3"><subfield code="a">temporal variation</subfield></datafield><datafield tag="651" ind1=" " ind2="3"><subfield code="a">Indian Ocean</subfield></datafield><datafield tag="700" ind1="1" ind2=" "><subfield code="a">Borsa, Philippe</subfield><subfield code="e">author</subfield><subfield code="u">Institut de recherche pour le développement, UMR 250 ‘Ecologie marine tropicale des océans Pacifique et Indien’, 101 promenade Roger‐Laroque Anse Vata, BP A5, 98848 Nouméa cedex, New Caledonia</subfield></datafield><datafield tag="700" ind1="1" ind2=" "><subfield code="a">Chen, Wei‐Jen</subfield><subfield code="e">author</subfield><subfield code="u">Institute of Oceanography, National Taiwan University, N°1, Sec. 4, Roosevelt Rd., Taipei 10617, Taiwan</subfield></datafield><datafield tag="773" ind1="0" ind2=" "><subfield code="t">Molecular ecology.</subfield><subfield code="g">2017 May, v. 26, no. 9 p.2527-2542</subfield><subfield code="d">John Wiley &amp; Sons, Ltd</subfield><subfield code="x">0962-1083</subfield><subfield code="7">nnas</subfield></datafield><datafield tag="787" ind1="1" ind2=" "><subfield code="o">islandora_article_repository</subfield></datafield><datafield tag="787" ind1="1" ind2=" "><subfield code="o">product_pubag</subfield></datafield><datafield tag="787" ind1="1" ind2=" "><subfield code="o">(Journal)jnl48811</subfield></datafield><datafield tag="856" ind1="4" ind2="0"><subfield code="u">http://dx.doi.org/10.1111/mec.14044</subfield><subfield code="3">Available from publisher's site</subfield></datafield><datafield tag="912" ind1=" " ind2=" "><subfield code="a">Article</subfield></datafield><datafield tag="914" ind1=" " ind2=" "><subfield code="a">Journal:jnl48811</subfield><subfield code="b">0962-1083</subfield><subfield code="c">26</subfield><subfield code="d">9</subfield><subfield code="e">2527</subfield></datafield><datafield tag="914" ind1=" " ind2=" "><subfield code="f">Molecular ecology</subfield></datafield><datafield tag="916" ind1=" " ind2=" "><subfield code="a">Batch:1792</subfield></datafield><datafield tag="917" ind1=" " ind2=" "><subfield code="a">issued</subfield></datafield><datafield tag="918" ind1="2" ind2=" "><subfield code="a">John Wiley &amp; Sons, Inc</subfield><subfield code="e">provider</subfield><subfield code="5">DNAL</subfield></datafield><datafield tag="935" ind1=" " ind2=" "><subfield code="a">IND605722396</subfield><subfield code="9">ExL</subfield></datafield><datafield tag="949" ind1=" " ind2=" "><subfield code="a">2017-08-28</subfield></datafield><datafield tag="953" ind1=" " ind2=" "><subfield code="a">09621083_2017_26_9.xml</subfield></datafield><datafield tag="962" ind1=" " ind2=" "><subfield code="a">Batch:1792 reviewed on 2017-08-28T11:00:03Z</subfield></datafield><datafield tag="974" ind1=" " ind2=" "><subfield code="a">agid:5722396</subfield></datafield><datafield tag="983" ind1=" " ind2=" "><subfield code="a">2017-07-12</subfield></datafield><datafield tag="984" ind1=" " ind2=" "><subfield code="a">2017-08-28</subfield></datafield></record>