<record><leader>05609nab a2200769 u 4500</leader><controlfield tag="001">9915727459707426</controlfield><controlfield tag="005">20221120152638.0</controlfield><controlfield tag="008">160903e209 xx |||||o|||||||||||eng||</controlfield><datafield tag="" ind1="7" ind2=" "><subfield code="a">IND605484271</subfield><subfield code="2">DNAL</subfield></datafield><datafield tag="024" ind1="7" ind2=" "><subfield code="a">10.1111/1365-2745.12608</subfield><subfield code="2">chorus</subfield></datafield><datafield tag="024" ind1="7" ind2=" "><subfield code="a">10.1111/1365-2745.12608</subfield><subfield code="2">doi</subfield></datafield><datafield tag="024" ind1="7" ind2=" "><subfield code="a">10.1111/1365-2745.12608</subfield><subfield code="2">chorusOpen</subfield></datafield><datafield tag="035" ind1=" " ind2=" "><subfield code="a">agid:5484271-01nal_inst</subfield></datafield><datafield tag="040" ind1=" " ind2=" "><subfield code="a">AGL</subfield><subfield code="b">eng</subfield><subfield code="c">AGL</subfield></datafield><datafield tag="100" ind1="1" ind2=" "><subfield code="a">Hogan, James Aaron</subfield><subfield code="e">author</subfield><subfield code="u">Department of Environmental Sciences, University of Puerto Rico Río Piedras, San Juan, PR, 00925, USA</subfield></datafield><datafield tag="245" ind1="1" ind2="0"><subfield code="a">Land‐use history augments environment–plant community relationship strength in a Puerto Rican wet forest</subfield></datafield><datafield tag="300" ind1=" " ind2=" "><subfield code="a">p. 1466-1477.</subfield></datafield><datafield tag="500" ind1=" " ind2=" "><subfield code="a">JOURNAL ARTICLE</subfield></datafield><datafield tag="506" ind1=" " ind2=" "><subfield code="a">Resource is Open Access</subfield><subfield code="f">Unrestricted online access</subfield><subfield code="2">star</subfield></datafield><datafield tag="506" ind1=" " ind2=" "><subfield code="a">Wiley License Information</subfield><subfield code="f">Unrestricted online access</subfield><subfield code="2">star</subfield></datafield><datafield tag="520" ind1=" " ind2=" "><subfield code="a">Environmental heterogeneity influences the species composition of tropical forests, with implications for patterns of diversity and species coexistence in these hyperdiverse communities. Many studies have examined how variability in soil nutrients and topography influence plant community composition, with differing results. None have quantified the relative contribution of environmental heterogeneity versus endogenous processes to variability in forest community composition over time and with respect to successional recovery. Using five consecutive trees censuses of a forest plot in Puerto Rico, conducted between 1990 and 2011, we evaluated the influence of edaphic and topographic variability on community composition. The plot has a well‐documented land‐use history and is subject to periodic hurricane disturbance. Using multiple canonical distance‐based redundancy analyses, we studied how spatial heterogeneity in soil nutrients and topography structure community composition over time, as the forest recovers from long‐term land‐use effects and two major hurricanes in 1989 and 1998. For the entire plot, spatial variables (principle coordinates of neighbourhood matrices), representing the autocorrelation of tree species in the community, explained the majority (49–57%) of the variability in tree community composition. The explanatory power of spatial variables decreased over time, as forest structure recovered from hurricane damage and the stems in the understorey died. Soil nutrients and topography, collectively, explained a moderate portion (33–37%) of the species compositional variation and were slightly more robust in explaining compositional differences in areas of more intense past land use. Areas of less‐intense past land use showed weaker community–environmental trends overall, illustrating a tendency for stronger resource competition (i.e. light, water and soil nutrients) between species in these areas. This illustrates how environmental–plant community interactions are strengthened by the lasting effects of human land‐use legacies, which persist for decades to centuries. Synthesis. Our findings confirm past land use to be a fundamental driver of the structure and composition of secondary forests through its impacts on the tree community, the abiotic terrestrial environment and their interaction. Since the extent of second‐growth tropical forests continues to increase, our findings highlight the importance of understanding the processes that determine the rate and nature of their succession.</subfield></datafield><datafield tag="592" ind1=" " ind2=" "><subfield code="a">Publisher supplied data</subfield></datafield><datafield tag="593" ind1=" " ind2=" "><subfield code="a">PubAg article</subfield></datafield><datafield tag="596" ind1=" " ind2=" "><subfield code="c">Andrew W. Mellon Foundation</subfield><subfield code="d">https://doi.org/10.13039/100000873</subfield></datafield><datafield tag="596" ind1=" " ind2=" "><subfield code="c">NSF</subfield><subfield code="d">https://doi.org/10.13039/100000001</subfield></datafield><datafield tag="596" ind1=" " ind2=" "><subfield code="c">USDA</subfield><subfield code="d">https://doi.org/10.13039/100000199</subfield></datafield><datafield tag="650" ind1=" " ind2="3"><subfield code="a">autocorrelation</subfield></datafield><datafield tag="650" ind1=" " ind2="3"><subfield code="a">botanical composition</subfield></datafield><datafield tag="650" ind1=" " ind2="3"><subfield code="a">community structure</subfield></datafield><datafield tag="650" ind1=" " ind2="3"><subfield code="a">hurricanes</subfield></datafield><datafield tag="650" ind1=" " ind2="3"><subfield code="a">land use</subfield></datafield><datafield tag="650" ind1=" " ind2="3"><subfield code="a">second growth</subfield></datafield><datafield tag="650" ind1=" " ind2="3"><subfield code="a">secondary forests</subfield></datafield><datafield tag="650" ind1=" " ind2="3"><subfield code="a">soil heterogeneity</subfield></datafield><datafield tag="650" ind1=" " ind2="3"><subfield code="a">soil nutrients</subfield></datafield><datafield tag="650" ind1=" " ind2="3"><subfield code="a">soil water</subfield></datafield><datafield tag="650" ind1=" " ind2="3"><subfield code="a">spatial variation</subfield></datafield><datafield tag="650" ind1=" " ind2="3"><subfield code="a">stems</subfield></datafield><datafield tag="650" ind1=" " ind2="3"><subfield code="a">storm damage</subfield></datafield><datafield tag="650" ind1=" " ind2="3"><subfield code="a">topography</subfield></datafield><datafield tag="650" ind1=" " ind2="3"><subfield code="a">trees</subfield></datafield><datafield tag="650" ind1=" " ind2="3"><subfield code="a">tropical forests</subfield></datafield><datafield tag="650" ind1=" " ind2="3"><subfield code="a">understory</subfield></datafield><datafield tag="651" ind1=" " ind2="3"><subfield code="a">Puerto Rico</subfield></datafield><datafield tag="700" ind1="1" ind2=" "><subfield code="a">Zimmerman, Jess K.</subfield><subfield code="e">author</subfield><subfield code="u">Department of Environmental Sciences, University of Puerto Rico Río Piedras, San Juan, PR, 00925, USA</subfield></datafield><datafield tag="700" ind1="1" ind2=" "><subfield code="a">Uriarte, María</subfield><subfield code="e">author</subfield><subfield code="u">Department of Ecology, Evolution and Environmental Biology, Columbia University, New York, NY, 10027, USA</subfield></datafield><datafield tag="700" ind1="1" ind2=" "><subfield code="a">Turner, Benjamin L.</subfield><subfield code="e">author</subfield><subfield code="u">Smithsonian Tropical Research Institute, Apartado 0843‐03092, Balboa, Ancon, Panama</subfield></datafield><datafield tag="700" ind1="1" ind2=" "><subfield code="a">Thompson, Jill</subfield><subfield code="e">author</subfield></datafield><datafield tag="773" ind1="0" ind2=" "><subfield code="t">journal of ecology.</subfield><subfield code="g">2 Sept., v. 104, no. 5 p.1466-1477</subfield><subfield code="d">John Wiley &amp; Sons, Ltd</subfield><subfield code="x">0022-0477</subfield><subfield code="7">nnas</subfield></datafield><datafield tag="787" ind1="1" ind2=" "><subfield code="o">islandora_article_repository</subfield></datafield><datafield tag="787" ind1="1" ind2=" "><subfield code="o">product_pubag</subfield></datafield><datafield tag="787" ind1="1" ind2=" "><subfield code="o">(Journal)jnl44660</subfield></datafield><datafield tag="856" ind1="4" ind2="0"><subfield code="u">http://dx.doi.org/10.1111/1365-2745.12608</subfield><subfield code="3">Available from publisher's site</subfield></datafield><datafield tag="903" ind1=" " ind2=" "><subfield code="a">Version of Record</subfield></datafield><datafield tag="912" ind1=" " ind2=" "><subfield code="a">Article</subfield></datafield><datafield tag="914" ind1=" " ind2=" "><subfield code="a">Journal:jnl44660</subfield><subfield code="b">0022-0477</subfield><subfield code="c">104</subfield><subfield code="d">5</subfield><subfield code="e">1466</subfield></datafield><datafield tag="914" ind1=" " ind2=" "><subfield code="f">journal of ecology</subfield></datafield><datafield tag="916" ind1=" " ind2=" "><subfield code="a">Batch:1516</subfield></datafield><datafield tag="917" ind1=" " ind2=" "><subfield code="a">issued</subfield></datafield><datafield tag="918" ind1="2" ind2=" "><subfield code="a">John Wiley &amp; Sons, Inc</subfield><subfield code="e">provider</subfield><subfield code="5">DNAL</subfield></datafield><datafield tag="935" ind1=" " ind2=" "><subfield code="a">IND605484271</subfield><subfield code="9">ExL</subfield></datafield><datafield tag="949" ind1=" " ind2=" "><subfield code="a">2020-03-06</subfield></datafield><datafield tag="953" ind1=" " ind2=" "><subfield code="a">00220477_2_104_5.xml</subfield></datafield><datafield tag="962" ind1=" " ind2=" "><subfield code="a">Batch:1516 reviewed on 2017-01-31T13:00:02Z</subfield></datafield><datafield tag="974" ind1=" " ind2=" "><subfield code="a">agid:5484271</subfield></datafield><datafield tag="983" ind1=" " ind2=" "><subfield code="a">2-09-03</subfield></datafield><datafield tag="984" ind1=" " ind2=" "><subfield code="a">2020-03-06</subfield></datafield></record>