<record><leader>03391nab a2200577 u 4500</leader><controlfield tag="001">9915727755307426</controlfield><controlfield tag="005">20221123042033.0</controlfield><controlfield tag="008">190701e20181214xx |||||o|||||||||||eng||</controlfield><datafield tag="" ind1="7" ind2=" "><subfield code="a">IND606488924</subfield><subfield code="2">DNAL</subfield></datafield><datafield tag="024" ind1="7" ind2=" "><subfield code="a">10.3390/f9120772</subfield><subfield code="2">doi</subfield></datafield><datafield tag="035" ind1=" " ind2=" "><subfield code="a">agid:6488924-01nal_inst</subfield></datafield><datafield tag="040" ind1=" " ind2=" "><subfield code="a">AGL</subfield><subfield code="b">eng</subfield><subfield code="c">AGL</subfield></datafield><datafield tag="100" ind1="1" ind2=" "><subfield code="a">Preechamart, Sineenart </subfield><subfield code="e">author</subfield></datafield><datafield tag="245" ind1="1" ind2="0"><subfield code="a">Variation in Climate Signals in Teak Tree-Ring Chronologies in Two Different Growth Areas</subfield></datafield><datafield tag="520" ind1=" " ind2=" "><subfield code="a">We developed two tree-ring chronologies of teak (Tectona grandis L.f.) from Mae Tuen (462-year, 1555&amp;ndash;2) and Umphang (165-year, 1852&amp;ndash;2) in Tak province, northwestern Thailand. The chronologies were based on 67 and 71 living teak trees, respectively. We used crossdating methods to check and verify the tree-ring width data and tree-ring chronology construction using the ARSTAN program. In this study, the two teak tree-ring chronologies from two different growth areas could not be crossdated. The relationship among these chronologies is, thus, relatively low (r = 0.33, n = 165, p &lt; 0.01). This result shows that the growth of tree-ring structure from two sites can be affected by a variety of non-climatic patterns due to site variation, such as topography, nutrient, light, and internal factors. However, these chronologies have a significant positive correlation with rainfall, during the pre-monsoon season (April to May). As demonstrated by the spatial correlation patterns, these chronologies represent April to May rainfall, which was a limiting factor of teak growth from northwestern Thailand. While the difference in surface temperatures of the Indian Ocean Dipole (IOD) might not be affected by rainfall, its unstable relationship with the El Ni&amp;ntilde;o-Southern Oscillation (ENSO) was noted to have occurred.</subfield></datafield><datafield tag="592" ind1=" " ind2=" "><subfield code="a">Publisher supplied data</subfield></datafield><datafield tag="593" ind1=" " ind2=" "><subfield code="a">PubAg article</subfield></datafield><datafield tag="650" ind1=" " ind2="3"><subfield code="a">El Nino</subfield></datafield><datafield tag="650" ind1=" " ind2="3"><subfield code="a">Tectona grandis</subfield></datafield><datafield tag="650" ind1=" " ind2="3"><subfield code="a">climate</subfield></datafield><datafield tag="650" ind1=" " ind2="3"><subfield code="a">dendrochronology</subfield></datafield><datafield tag="650" ind1=" " ind2="3"><subfield code="a">growth rings</subfield></datafield><datafield tag="650" ind1=" " ind2="3"><subfield code="a">rain</subfield></datafield><datafield tag="650" ind1=" " ind2="3"><subfield code="a">surface temperature</subfield></datafield><datafield tag="650" ind1=" " ind2="3"><subfield code="a">topography</subfield></datafield><datafield tag="650" ind1=" " ind2="3"><subfield code="a">trees</subfield></datafield><datafield tag="651" ind1=" " ind2="3"><subfield code="a">Indian Ocean</subfield></datafield><datafield tag="651" ind1=" " ind2="3"><subfield code="a">Thailand</subfield></datafield><datafield tag="700" ind1="1" ind2=" "><subfield code="a">Pumijumnong, Nathsuda </subfield><subfield code="e">author</subfield><subfield code="u">Faculty of Environment and Resource Studies, Mahidol University, Nakhon Pathom 73170, Thailand. nathsuda.pum@mahidol.ac.th</subfield></datafield><datafield tag="700" ind1="1" ind2=" "><subfield code="a">Payomrat, Paramate </subfield><subfield code="e">author</subfield></datafield><datafield tag="700" ind1="1" ind2=" "><subfield code="a">Buajan, Supaporn </subfield><subfield code="e">author</subfield></datafield><datafield tag="773" ind1="0" ind2=" "><subfield code="t">Forests.</subfield><subfield code="g">2018 Dec. 14, v. 9, no. 12</subfield><subfield code="d">Multidisciplinary Digital Publishing Institute</subfield><subfield code="w">Journal:2257</subfield><subfield code="x">1999-4907</subfield><subfield code="7">nnas</subfield></datafield><datafield tag="787" ind1="1" ind2=" "><subfield code="o">islandora_article_repository</subfield></datafield><datafield tag="787" ind1="1" ind2=" "><subfield code="o">product_pubag</subfield></datafield><datafield tag="787" ind1="1" ind2=" "><subfield code="o">(Journal)2257</subfield></datafield><datafield tag="856" ind1="4" ind2="0"><subfield code="u">http://dx.doi.org/10.3390/f9120772</subfield><subfield code="3">Available from publisher's site</subfield></datafield><datafield tag="912" ind1=" " ind2=" "><subfield code="a">Article</subfield></datafield><datafield tag="914" ind1=" " ind2=" "><subfield code="a">Journal:2257</subfield><subfield code="b">1999-4907</subfield><subfield code="c">9</subfield><subfield code="d">12</subfield></datafield><datafield tag="914" ind1=" " ind2=" "><subfield code="f">Forests</subfield></datafield><datafield tag="916" ind1=" " ind2=" "><subfield code="a">Batch:2293</subfield></datafield><datafield tag="917" ind1=" " ind2=" "><subfield code="a">issued</subfield></datafield><datafield tag="918" ind1="2" ind2=" "><subfield code="a">Multidisciplinary Digital Publishing Institute</subfield><subfield code="e">provider</subfield><subfield code="5">DNAL</subfield></datafield><datafield tag="935" ind1=" " ind2=" "><subfield code="a">IND606488924</subfield><subfield code="9">ExL</subfield></datafield><datafield tag="949" ind1=" " ind2=" "><subfield code="a">2019-09-04</subfield></datafield><datafield tag="953" ind1=" " ind2=" "><subfield code="a" >/data/metadata/incoming/mdpinstitute/forests-v09-i12-20181221.xml</subfield></datafield><datafield tag="954" ind1=" " ind2=" "><subfield code="a" >file:/data/metadata/staging/mdpinstitute/forests-v09-i12-20181221.xml</subfield></datafield><datafield tag="955" ind1=" " ind2=" "><subfield code="a">/data/metadata/staging/mdpinstitute/</subfield></datafield><datafield tag="962" ind1=" " ind2=" "><subfield code="a">Batch:2293 reviewed on 2019-09-04T14:00:03Z</subfield></datafield><datafield tag="974" ind1=" " ind2=" "><subfield code="a">agid:6488924</subfield></datafield><datafield tag="983" ind1=" " ind2=" "><subfield code="a">2019-07-01</subfield></datafield><datafield tag="984" ind1=" " ind2=" "><subfield code="a">2019-09-04</subfield></datafield></record>