<record><leader>06241nab a2200733 u 4500</leader><controlfield tag="001">9915727861807426</controlfield><controlfield tag="005">20221120122533.0</controlfield><controlfield tag="008">220106e202201 xx |||||o|||||||||||eng||</controlfield><datafield tag="" ind1="7" ind2=" "><subfield code="a">IND607619806</subfield><subfield code="2">DNAL</subfield></datafield><datafield tag="024" ind1="7" ind2=" "><subfield code="a">10.1111/1365-2664.14037</subfield><subfield code="2">doi</subfield></datafield><datafield tag="035" ind1=" " ind2=" "><subfield code="a">agid:7619806-01nal_inst</subfield></datafield><datafield tag="040" ind1=" " ind2=" "><subfield code="a">AGL</subfield><subfield code="b">eng</subfield><subfield code="c">AGL</subfield></datafield><datafield tag="100" ind1="1" ind2=" "><subfield code="a">Peng, Shijia</subfield><subfield code="e">author</subfield><subfield code="u">Institute of Ecology and Key Laboratory for Earth Surface Processes of the Ministry of Education, College of Urban and Environmental Sciences, Peking University, Beijing, China</subfield><subfield code="1">https://orcid.org/0000-0002-3510-119X</subfield></datafield><datafield tag="245" ind1="1" ind2="0"><subfield code="a">Conservation of woody species in China under future climate and land‐cover changes</subfield></datafield><datafield tag="300" ind1=" " ind2=" "><subfield code="a">p. 141-152.</subfield></datafield><datafield tag="500" ind1=" " ind2=" "><subfield code="a">JOURNAL ARTICLE</subfield></datafield><datafield tag="520" ind1=" " ind2=" "><subfield code="a">Climate and land‐cover changes are major threats to biodiversity, and their impacts are expected to intensify in the future. Protected areas (PAs) are crucial for biodiversity conservation. However, their effectiveness under future climate and land‐cover changes remains to be evaluated. Moreover, the impacts of climate and land‐cover changes on multi‐dimensions of biodiversity are rarely considered when expanding PAs. Using distributions of 8,732 woody species in China and species distribution models, we identified species that will be threatened by future climate and land‐cover changes (i.e. species with significant projected loss of suitable habitats by the 2070s) under different dispersal scenarios. We then estimated the geographical patterns in species richness (SR) and phylogenetic diversity (PD) of threatened species, evaluated the effectiveness (i.e. the changes in SR and PD) of Chinese PAs and identified conservation priorities for future PA expansion. Approximately 12%–38% of woody species will be threatened under different scenarios. These species tend to be clustered in the tree of life, and their SR and PD show consistent spatial patterns, being highest at low latitudes. PAs currently protect 90% of threatened species. However, their SR and PD of threatened species within PAs will decrease by 30%–40% by the 2070s, which reduces the PA effectiveness, especially for PAs at low elevations and those with low topographic heterogeneity and high natural vegetation loss. The conservation priorities identified from the SR and PD of the threatened species are mainly in mountains in southern China, the Yunnan‐Guizhou Plateau and Taiwan Island. PA expansion and ecological corridors in these regions are needed to conserve threatened species. Synthesis and applications. We present a systematic study of the impacts of future climate and land‐cover changes on the conservation status of woody species and PA effectiveness in China. Our results suggest that future climate and land‐cover changes will reduce PA effectiveness, and the spatial prioritization of biodiversity conservation should consider the influences of future global changes on biodiversity. These results shed new light on the conservation priorities for the post‐2020 expansion of PAs in China.</subfield></datafield><datafield tag="592" ind1=" " ind2=" "><subfield code="a">Publisher supplied data</subfield></datafield><datafield tag="593" ind1=" " ind2=" "><subfield code="a">PubAg article</subfield></datafield><datafield tag="596" ind1=" " ind2=" "><subfield code="a">#32125026</subfield><subfield code="c">National Natural Science Foundation of China</subfield></datafield><datafield tag="596" ind1=" " ind2=" "><subfield code="a">#32101401</subfield><subfield code="c">National Natural Science Foundation of China</subfield></datafield><datafield tag="596" ind1=" " ind2=" "><subfield code="a">#31988102</subfield><subfield code="c">National Natural Science Foundation of China</subfield></datafield><datafield tag="596" ind1=" " ind2=" "><subfield code="a">#XDB31000000</subfield><subfield code="c">The Strategic Priority Research Program of Chinese Academy of Sciences</subfield></datafield><datafield tag="596" ind1=" " ind2=" "><subfield code="a">#2017YFA0605101</subfield><subfield code="c">The National Key Research Development Program of China</subfield></datafield><datafield tag="596" ind1=" " ind2=" "><subfield code="a">#2018YFA0606104</subfield><subfield code="c">The National Key Research Development Program of China</subfield></datafield><datafield tag="650" ind1=" " ind2="3"><subfield code="a">applied ecology</subfield></datafield><datafield tag="650" ind1=" " ind2="3"><subfield code="a">biodiversity conservation</subfield></datafield><datafield tag="650" ind1=" " ind2="3"><subfield code="a">climate</subfield></datafield><datafield tag="650" ind1=" " ind2="3"><subfield code="a">conservation status</subfield></datafield><datafield tag="650" ind1=" " ind2="3"><subfield code="a">geographical distribution</subfield></datafield><datafield tag="650" ind1=" " ind2="3"><subfield code="a">land cover</subfield></datafield><datafield tag="650" ind1=" " ind2="3"><subfield code="a">phylogeny</subfield></datafield><datafield tag="650" ind1=" " ind2="3"><subfield code="a">prioritization</subfield></datafield><datafield tag="650" ind1=" " ind2="3"><subfield code="a">species richness</subfield></datafield><datafield tag="650" ind1=" " ind2="3"><subfield code="a">threatened species</subfield></datafield><datafield tag="650" ind1=" " ind2="3"><subfield code="a">vegetation</subfield></datafield><datafield tag="650" ind1=" " ind2="3"><subfield code="a">woody plants</subfield></datafield><datafield tag="651" ind1=" " ind2="3"><subfield code="a">China</subfield></datafield><datafield tag="651" ind1=" " ind2="3"><subfield code="a">Taiwan</subfield></datafield><datafield tag="700" ind1="1" ind2=" "><subfield code="a">Zhang, Jian</subfield><subfield code="e">author</subfield><subfield code="u">Zhejiang Tiantong Forest Ecosystem National Observation and Research Station, School of Ecological and Environmental Sciences, East China Normal University, Shanghai, China</subfield><subfield code="1">https://orcid.org/0000-0003-0589-6267</subfield></datafield><datafield tag="700" ind1="1" ind2=" "><subfield code="a">Zhang, Xiaoling</subfield><subfield code="e">author</subfield><subfield code="u">Institute of Ecology and Key Laboratory for Earth Surface Processes of the Ministry of Education, College of Urban and Environmental Sciences, Peking University, Beijing, China</subfield></datafield><datafield tag="700" ind1="1" ind2=" "><subfield code="a">Li, Yaoqi</subfield><subfield code="e">author</subfield><subfield code="u">Institute of Ecology and Key Laboratory for Earth Surface Processes of the Ministry of Education, College of Urban and Environmental Sciences, Peking University, Beijing, China</subfield><subfield code="1">https://orcid.org/0000-0001-6540-395X</subfield></datafield><datafield tag="700" ind1="1" ind2=" "><subfield code="a">Liu, Yunpeng</subfield><subfield code="e">author</subfield><subfield code="u">Institute of Ecology and Key Laboratory for Earth Surface Processes of the Ministry of Education, College of Urban and Environmental Sciences, Peking University, Beijing, China</subfield><subfield code="1">https://orcid.org/0000-0001-6188-3511</subfield></datafield><datafield tag="700" ind1="1" ind2=" "><subfield code="a">Wang, Zhiheng</subfield><subfield code="e">author</subfield><subfield code="u">Institute of Ecology and Key Laboratory for Earth Surface Processes of the Ministry of Education, College of Urban and Environmental Sciences, Peking University, Beijing, China</subfield><subfield code="1">https://orcid.org/0000-0003-0808-7780</subfield></datafield><datafield tag="773" ind1="0" ind2=" "><subfield code="t">Journal of applied ecology.</subfield><subfield code="g">2022 Jan., v. 59, no. 1 p.141-152</subfield><subfield code="d">John Wiley &amp; Sons, Ltd</subfield><subfield code="w">Journal:jnl57298</subfield><subfield code="x">0021-8901</subfield><subfield code="7">nnas</subfield></datafield><datafield tag="787" ind1="1" ind2=" "><subfield code="o">islandora_article_repository</subfield></datafield><datafield tag="787" ind1="1" ind2=" "><subfield code="o">product_pubag</subfield></datafield><datafield tag="787" ind1="1" ind2=" "><subfield code="o">(Journal)jnl57298</subfield></datafield><datafield tag="856" ind1="4" ind2="0"><subfield code="u">https://dx.doi.org/10.1111/1365-2664.14037</subfield><subfield code="3">Available from publisher's site</subfield></datafield><datafield tag="912" ind1=" " ind2=" "><subfield code="a">Article</subfield></datafield><datafield tag="914" ind1=" " ind2=" "><subfield code="a">Journal:jnl57298</subfield><subfield code="b">0021-8901</subfield><subfield code="c">59</subfield><subfield code="d">1</subfield><subfield code="e">141</subfield></datafield><datafield tag="914" ind1=" " ind2=" "><subfield code="f">Journal of applied ecology</subfield></datafield><datafield tag="916" ind1=" " ind2=" "><subfield code="a">Batch:10229</subfield></datafield><datafield tag="917" ind1=" " ind2=" "><subfield code="a">issued</subfield></datafield><datafield tag="918" ind1="2" ind2=" "><subfield code="a">John Wiley &amp; Sons, Inc</subfield><subfield code="e">provider</subfield><subfield code="5">DNAL</subfield></datafield><datafield tag="935" ind1=" " ind2=" "><subfield code="a">IND607619806</subfield><subfield code="9">ExL</subfield></datafield><datafield tag="949" ind1=" " ind2=" "><subfield code="a">2022-02-23</subfield></datafield><datafield tag="952" ind1=" " ind2=" "><subfield code="d">NAL-AP-2-clean</subfield></datafield><datafield tag="953" ind1=" " ind2=" "><subfield code="a">/data/metadata/incoming/wiley/00218901_2022_59_1.xml</subfield></datafield><datafield tag="954" ind1=" " ind2=" "><subfield code="a">file:/data/metadata/staging/wiley/00218901_2022_59_1.xml</subfield></datafield><datafield tag="955" ind1=" " ind2=" "><subfield code="a">/data/metadata/staging/wiley/</subfield></datafield><datafield tag="974" ind1=" " ind2=" "><subfield code="a">agid:7619806</subfield></datafield><datafield tag="983" ind1=" " ind2=" "><subfield code="a">2022-01-06</subfield></datafield><datafield tag="984" ind1=" " ind2=" "><subfield code="a">2022-02-21</subfield></datafield></record>