<record><leader>05951nab a2200673 u 4500</leader><controlfield tag="001">9915727974007426</controlfield><controlfield tag="005">20221120224315.0</controlfield><controlfield tag="008">220124e20210201xx |||||o|||||||||||eng||</controlfield><datafield tag="" ind1="7" ind2=" "><subfield code="a">IND607182391</subfield><subfield code="2">DNAL</subfield></datafield><datafield tag="024" ind1="7" ind2=" "><subfield code="a">10.1/j.foreco.2020.118763</subfield><subfield code="2">doi</subfield></datafield><datafield tag="035" ind1=" " ind2=" "><subfield code="a">agid:7182391-01nal_inst</subfield></datafield><datafield tag="040" ind1=" " ind2=" "><subfield code="a">AGL</subfield><subfield code="b">eng</subfield><subfield code="c">AGL</subfield></datafield><datafield tag="100" ind1="1" ind2=" "><subfield code="a">Mumma, Matthew A.</subfield><subfield code="e">author</subfield><subfield code="u">Ecology and Evolutionary Biology, Princeton University, 106A Guyot Hall Lane, Princeton, NJ 08544, USA</subfield></datafield><datafield tag="245" ind1="1" ind2="0"><subfield code="a">Regional moose (Alces alces) responses to forestry cutblocks are driven by landscape-scale patterns of vegetation composition and regrowth</subfield></datafield><datafield tag="520" ind1=" " ind2=" "><subfield code="a">Forestry activities are globally widespread and can have a large positive or negative influence on wildlife. Wildlife responses to forestry cutblocks (defined areas where trees were harvested) vary as a function of forest succession, which differs across systems. Across their distribution, moose (Alces alces) and forestry are often closely associated. Moose are predicted to select for cutblocks because of greater browse quantity in early successional vegetation, but moose responses to cutblocks are inconsistent across studies. Our objective was to compare moose spatial responses to cutblocks as a function of year since cut between study areas (Prince George South [PGS] and Bonaparte [BP]) while considering differences in vegetation composition and regrowth to better inform forestry planning in British Columbia, Canada. We characterized cutblocks by dominant tree species as a proxy for vegetation composition and estimated the normalized burn ratio (NBR) from multispectral satellite imagery as an index of vegetation regrowth (i.e., structure). We then examined the use of cutblocks by moose dependent upon vegetation composition and NBR using generalized additive mixed effects models. Next, we used locations of collared moose and nearby available locations to examine moose responses as a function of year since cut and used those responses to group cutblocks into age classes, which were incorporated into resource selection functions (RSF) to compare moose responses between study areas. Vegetation composition differed between study areas, and although cutblocks in both study areas followed similar regrowth trajectories, NBRs for cutblocks &gt; 13 years post-logging in PGS exceeded those in BP. Moose demonstrated greater use of locations within cutblocks with intermediate NBRs and dominanted by spruce (Picea engelmannii × glauca) versus Douglas fir (Pseudotsuga menziesii var. glauca). Moose responses as a function of year since cut varied seasonally, but across seasons, moose tended to avoid new cutblocks (1–8 years), select for regenerating cutblocks (9–24 years), and avoid older cutblocks (25–40 years). In both study areas, RSFs revealed that moose avoided new cutblocks, but moose in PGS were more likely to select for regenerating cutblocks in comparison to BP. Our analyses suggest that the use of cutblocks by moose is a function of year since cut, vegetation composition, and vegetation regrowth, likely resulting from differences in browse quantity and lateral cover. To maintain stable moose populations, managers should consider vegetation composition and regrowth during forestry planning, and future research should focus on identifying region-specific forestry thresholds for moose.</subfield></datafield><datafield tag="592" ind1=" " ind2=" "><subfield code="a">Publisher supplied data</subfield></datafield><datafield tag="593" ind1=" " ind2=" "><subfield code="a">PubAg article</subfield></datafield><datafield tag="650" ind1=" " ind2="3"><subfield code="a">Alces alces</subfield></datafield><datafield tag="650" ind1=" " ind2="3"><subfield code="a">Picea engelmannii</subfield></datafield><datafield tag="650" ind1=" " ind2="3"><subfield code="a">Pseudotsuga menziesii var. glauca</subfield></datafield><datafield tag="650" ind1=" " ind2="3"><subfield code="a">botanical composition</subfield></datafield><datafield tag="650" ind1=" " ind2="3"><subfield code="a">forest succession</subfield></datafield><datafield tag="650" ind1=" " ind2="3"><subfield code="a">forestry</subfield></datafield><datafield tag="650" ind1=" " ind2="3"><subfield code="a">regrowth</subfield></datafield><datafield tag="650" ind1=" " ind2="3"><subfield code="a">remote sensing</subfield></datafield><datafield tag="650" ind1=" " ind2="3"><subfield code="a">trees</subfield></datafield><datafield tag="650" ind1=" " ind2="3"><subfield code="a">vegetation</subfield></datafield><datafield tag="650" ind1=" " ind2="3"><subfield code="a">wildlife</subfield></datafield><datafield tag="651" ind1=" " ind2="3"><subfield code="a">British Columbia</subfield></datafield><datafield tag="653" ind1=" " ind2="0"><subfield code="a">British Columbia</subfield></datafield><datafield tag="653" ind1=" " ind2="0"><subfield code="a">Dendroctonus ponderosae</subfield></datafield><datafield tag="653" ind1=" " ind2="0"><subfield code="a">Mountain pine beetle</subfield></datafield><datafield tag="653" ind1=" " ind2="0"><subfield code="a">Normalized burn ratio</subfield></datafield><datafield tag="653" ind1=" " ind2="0"><subfield code="a">Resource selection</subfield></datafield><datafield tag="653" ind1=" " ind2="0"><subfield code="a">Silviculture</subfield></datafield><datafield tag="700" ind1="1" ind2=" "><subfield code="a">Gillingham, Michael P.</subfield><subfield code="e">author</subfield><subfield code="u">Ecosystem Science and Management, University of Northern British Columbia, 3333 University Way, Prince George, BC V2N 4Z9, Canada</subfield></datafield><datafield tag="700" ind1="1" ind2=" "><subfield code="a">Marshall, Shelley</subfield><subfield code="e">author</subfield><subfield code="u">Ministry of Forests, Lands, Natural Resource Operations and Rural Development, Omineca Region, 2000 Ospika Blvd S, Prince George, BC V2N 4W5, Canada</subfield></datafield><datafield tag="700" ind1="1" ind2=" "><subfield code="a">Procter, Christopher</subfield><subfield code="e">author</subfield><subfield code="u">Ministry of Forests, Lands, Natural Resource Operations and Rural Development, Thompson-Okanagan Region, 1265 Dalhousie Drive, Kamloops, BC V2C 5Z5, Canada</subfield></datafield><datafield tag="700" ind1="1" ind2=" "><subfield code="a">Bevington, Alexandre R.</subfield><subfield code="e">author</subfield><subfield code="u">Ministry of Forests, Lands, Natural Resource Operations and Rural Development, Omineca Region, 499 George Street, Prince George, BC V2L 1R5, Canada</subfield></datafield><datafield tag="700" ind1="1" ind2=" "><subfield code="a">Scheideman, Matthew</subfield><subfield code="e">author</subfield><subfield code="u">Formerly with Ecosystem Science and Management, University of Northern British Columbia, 3333 University Way, Prince George, BC V2N 4Z9, Canada</subfield></datafield><datafield tag="773" ind1="0" ind2=" "><subfield code="t">Forest ecology and management.</subfield><subfield code="g">2021 Feb. 01, v. 481 p.118763-</subfield><subfield code="d">Elsevier B.V.</subfield><subfield code="w">Journal:jnl9013</subfield><subfield code="x">0378-1127</subfield><subfield code="7">nnas</subfield></datafield><datafield tag="787" ind1="1" ind2=" "><subfield code="o">islandora_article_repository</subfield></datafield><datafield tag="787" ind1="1" ind2=" "><subfield code="o">product_pubag</subfield></datafield><datafield tag="787" ind1="1" ind2=" "><subfield code="o">(Journal)jnl9013</subfield></datafield><datafield tag="856" ind1="4" ind2="0"><subfield code="u">https://dx.doi.org/10.1/j.foreco.2020.118763</subfield><subfield code="3">Available from publisher's site</subfield></datafield><datafield tag="912" ind1=" " ind2=" "><subfield code="a">Article</subfield></datafield><datafield tag="914" ind1=" " ind2=" "><subfield code="a">Journal:jnl9013</subfield><subfield code="b">0378-1127</subfield><subfield code="e">118763</subfield></datafield><datafield tag="914" ind1=" " ind2=" "><subfield code="f">Forest ecology and management</subfield></datafield><datafield tag="916" ind1=" " ind2=" "><subfield code="a">Batch:10148</subfield></datafield><datafield tag="917" ind1=" " ind2=" "><subfield code="a">issued</subfield></datafield><datafield tag="918" ind1="2" ind2=" "><subfield code="a">Elsevier Consyn</subfield><subfield code="e">provider</subfield><subfield code="5">DNAL</subfield></datafield><datafield tag="935" ind1=" " ind2=" "><subfield code="a">IND607182391</subfield><subfield code="9">ExL</subfield></datafield><datafield tag="949" ind1=" " ind2=" "><subfield code="a">2021-06-18</subfield></datafield><datafield tag="953" ind1=" " ind2=" "><subfield code="a" >/data/metadata/incoming/consyn/408882958345456991-00001-HEAD-ONLY-REVISEDSUBJECTLIST.zip</subfield></datafield><datafield tag="954" ind1=" " ind2=" "><subfield code="a">file:/data/metadata/staging/consyn/S0378112720315322.xml</subfield></datafield><datafield tag="955" ind1=" " ind2=" "><subfield code="a">/data/metadata/staging/consyn/</subfield></datafield><datafield tag="974" ind1=" " ind2=" "><subfield code="a">agid:7182391</subfield></datafield><datafield tag="983" ind1=" " ind2=" "><subfield code="a">2022-01-24</subfield></datafield><datafield tag="984" ind1=" " ind2=" "><subfield code="a">2022-01-24</subfield></datafield></record>