<record><leader>04301nab a2200517 u 4500</leader><controlfield tag="001">9915728193907426</controlfield><controlfield tag="005">20221123041412.0</controlfield><controlfield tag="008">191122e20191024xx |||||o|||||||||||eng||</controlfield><datafield tag="" ind1="7" ind2=" "><subfield code="a">IND606770410</subfield><subfield code="2">DNAL</subfield></datafield><datafield tag="024" ind1="7" ind2=" "><subfield code="a">10.3390/ijgi8110477</subfield><subfield code="2">doi</subfield></datafield><datafield tag="035" ind1=" " ind2=" "><subfield code="a">agid:6770410-01nal_inst</subfield></datafield><datafield tag="040" ind1=" " ind2=" "><subfield code="a">AGL</subfield><subfield code="b">eng</subfield><subfield code="c">AGL</subfield></datafield><datafield tag="100" ind1="1" ind2=" "><subfield code="a">Xiang, Qiuliang </subfield><subfield code="e">author</subfield></datafield><datafield tag="245" ind1="1" ind2="0"><subfield code="a">Tree-Based and Optimum Cut-Based Origin-Destination Flow Clustering</subfield></datafield><datafield tag="500" ind1=" " ind2=" "><subfield code="a">NAL-AP-2-clean</subfield></datafield><datafield tag="520" ind1=" " ind2=" "><subfield code="a">Data about the movements of diverse objects, including human beings, animals, and commodities, are collected in growing amounts as location-aware technologies become pervasive. Clustering has become an increasingly important analytical tool for revealing travel patterns from large-scale movement datasets. Most existing methods for origin-destination (OD) flow clustering focus on the geographic properties of an OD flow but ignore the temporal information preserved in the OD flow, which reflects the dynamic changes in the travel patterns over time. In addition, most methods require some predetermined parameters as inputs and are difficult to adjust considering the changes in the users&amp;rsquo; demands. To overcome such limitations, we present a novel OD flow clustering method, namely, TOCOFC (Tree-based and Optimum Cut-based Origin-Destination Flow Clustering). A similarity measurement method is proposed to quantify the spatial similarity relationship between OD flows, and it can be extended to measure the spatiotemporal similarity between OD flows. By constructing a maximum spanning tree and splitting it into several unrelated parts, we effectively remove the noise in the flow data. Furthermore, a recursive two-way optimum cut-based method is utilized to partition the graph composed of OD flows into OD flow clusters. Moreover, a criterion called CSSC (Child tree/Child graph Self-Similarity Criterion) is formulated to determine if the clusters meet the output requirements. By modifying the parameters, TOCOFC can obtain clustering results for different time scales and spatial scales, which makes it possible to study movement patterns from a multiscale perspective. However, TOCOFC has the disadvantages of low efficiency and large memory consumption, and it is not conducive to quickly handling large-scale data. Compared with previous works, TOCOFC has a better clustering performance, which is reflected in the fact that TOCOFC can guarantee a balance between clusters and help to fully understand the corresponding patterns. Being able to perform the spatiotemporal clustering of OD flows is also a highlight of TOCOFC, which will help to capture the differences in the patterns at different times for a deeper analysis. Extensive experiments on both artificial spatial datasets and real-world spatiotemporal datasets have demonstrated the effectiveness and flexibility of TOCOFC.</subfield></datafield><datafield tag="592" ind1=" " ind2=" "><subfield code="a">Publisher supplied data</subfield></datafield><datafield tag="593" ind1=" " ind2=" "><subfield code="a">PubAg article</subfield></datafield><datafield tag="650" ind1=" " ind2="3"><subfield code="a">children</subfield></datafield><datafield tag="650" ind1=" " ind2="3"><subfield code="a">data collection</subfield></datafield><datafield tag="650" ind1=" " ind2="3"><subfield code="a">humans</subfield></datafield><datafield tag="650" ind1=" " ind2="3"><subfield code="a">memory</subfield></datafield><datafield tag="650" ind1=" " ind2="3"><subfield code="a">spatial data</subfield></datafield><datafield tag="650" ind1=" " ind2="3"><subfield code="a">travel</subfield></datafield><datafield tag="650" ind1=" " ind2="3"><subfield code="a">trees</subfield></datafield><datafield tag="700" ind1="1" ind2=" "><subfield code="a">Wu, Qunyong </subfield><subfield code="e">author</subfield><subfield code="u">Key Lab of Spatial Data Mining and Information Sharing of Ministry of Education, Fuzhou University, Fuzhou 350108, China. qywu@fzu.edu.cn</subfield></datafield><datafield tag="773" ind1="0" ind2=" "><subfield code="t">ISPRS international journal of geo-information.</subfield><subfield code="g">2019 Oct. 24, v. 8, no. 11</subfield><subfield code="d">Multidisciplinary Digital Publishing Institute</subfield><subfield code="w">Journal:21619</subfield><subfield code="x">2220-9964</subfield><subfield code="7">nnas</subfield></datafield><datafield tag="787" ind1="1" ind2=" "><subfield code="o">islandora_article_repository</subfield></datafield><datafield tag="787" ind1="1" ind2=" "><subfield code="o">product_pubag</subfield></datafield><datafield tag="787" ind1="1" ind2=" "><subfield code="o">(Journal)21619</subfield></datafield><datafield tag="856" ind1="4" ind2="0"><subfield code="u">http://dx.doi.org/10.3390/ijgi8110477</subfield><subfield code="3">Available from publisher's site</subfield></datafield><datafield tag="912" ind1=" " ind2=" "><subfield code="a">Article</subfield></datafield><datafield tag="914" ind1=" " ind2=" "><subfield code="a">Journal:21619</subfield><subfield code="b">2220-9964</subfield><subfield code="c">8</subfield><subfield code="d">11</subfield></datafield><datafield tag="914" ind1=" " ind2=" "><subfield code="f">ISPRS international journal of geo-information</subfield></datafield><datafield tag="916" ind1=" " ind2=" "><subfield code="a">Batch:2546</subfield></datafield><datafield tag="916" ind1=" " ind2=" "><subfield code="a">Batch:10119</subfield></datafield><datafield tag="917" ind1=" " ind2=" "><subfield code="a">issued</subfield></datafield><datafield tag="918" ind1="2" ind2=" "><subfield code="a">Multidisciplinary Digital Publishing Institute</subfield><subfield code="e">provider</subfield><subfield code="5">DNAL</subfield></datafield><datafield tag="935" ind1=" " ind2=" "><subfield code="a">IND606770410</subfield><subfield code="9">ExL</subfield></datafield><datafield tag="949" ind1=" " ind2=" "><subfield code="a">2021-08-30</subfield></datafield><datafield tag="953" ind1=" " ind2=" "><subfield code="a">/data/metadata/incoming/mdpinstitute/ijgi-v08-i11-20191122.xml</subfield></datafield><datafield tag="954" ind1=" " ind2=" "><subfield code="a" >file:/data/metadata/staging/mdpinstitute/ijgi-v08-i11-20191122.xml</subfield></datafield><datafield tag="955" ind1=" " ind2=" "><subfield code="a">/data/metadata/staging/mdpinstitute/</subfield></datafield><datafield tag="974" ind1=" " ind2=" "><subfield code="a">agid:6770410</subfield></datafield><datafield tag="983" ind1=" " ind2=" "><subfield code="a">2019-11-22</subfield></datafield><datafield tag="984" ind1=" " ind2=" "><subfield code="a">2021-08-30</subfield></datafield></record>