<record><leader>04481nab a2200613 u 4500</leader><controlfield tag="001">9915728842707426</controlfield><controlfield tag="005">20221121020304.0</controlfield><controlfield tag="008">210731e202104 xx |||||o|||||||||||eng||</controlfield><datafield tag="" ind1="7" ind2=" "><subfield code="a">IND607365560</subfield><subfield code="2">DNAL</subfield></datafield><datafield tag="024" ind1="7" ind2=" "><subfield code="a">10.1007/s11104-020-04818-4</subfield><subfield code="2">doi</subfield></datafield><datafield tag="035" ind1=" " ind2=" "><subfield code="a">agid:7365560-01nal_inst</subfield></datafield><datafield tag="040" ind1=" " ind2=" "><subfield code="a">AGL</subfield><subfield code="b">eng</subfield><subfield code="c">AGL</subfield></datafield><datafield tag="100" ind1="1" ind2=" "><subfield code="a">Moldaschl, Erwin</subfield><subfield code="e">author</subfield><subfield code="u">Federal Research and Training Centre for Forests, Natural Hazards and Landscape, Seckendorff-Gudent-Weg 8, 1131, Vienna, Austria. erwin.moldaschl@boku.ac.at</subfield><subfield code="1">https://orcid.org/0000-0002-8943-8492</subfield></datafield><datafield tag="245" ind1="1" ind2="0"><subfield code="a">Stem CH4 and N2O fluxes of Fraxinus excelsior and Populus alba trees along a flooding gradient</subfield></datafield><datafield tag="300" ind1=" " ind2=" "><subfield code="a">p. 407-420.</subfield></datafield><datafield tag="520" ind1=" " ind2=" "><subfield code="a">AIMS: Methane (CH₄) and nitrous oxide (N₂O) fluxes from tree stems are still poorly quantified in temperate floodplain forests. METHODS: Methane and N₂O fluxes were repeatedly measured at 0.3, 1.6 and 3.6 m stem height at three sites along a landscape gradient ranging from non-flooded to frequently flooded forest sites. The non-flooded forest was dominated by Fraxinus excelsior and the infrequently and frequently flooded sites by Populus alba. RESULTS: Stem surfaces were net CH₄ and N₂O sources at all sites. The CH₄ source strength increased towards the wetter sites (non-flooded 2.51±12.71, infrequently-flooded 5.2±17.26, and frequently-flooded 11.15±24.04 μg-C-m⁻² h⁻¹), but flooding had no immanent effects on CH₄ and N₂O fluxes. Methane fluxes from poplar stems were highest at the stem base (0.3 m) and decreased with increasing measurement height. Methane fluxes from ash stems were lowest at the stem base and gradually increased until 3.6 m height. Nitrous oxide fluxes were low and did not show clear spatial patterns. The presence of mosses had no significant effects on CH₄ and N₂O fluxes. CONCLUSIONS: Stem fluxes were small when compared to the corresponding soil fluxes at the non-flooded and infrequently flooded site, but significantly reduced the soil CH₄ sink capacity at the frequently-flooded site. Methane flux strongly varied between 0.3 and 3.6 m stem height and showed distinctive tree species specific patterns. Our results therefore suggest that measuring at more than a single location near the stem base is inevitable to obtain any reliable CH₄ or N₂O flux estimate of a whole tree stem.</subfield></datafield><datafield tag="592" ind1=" " ind2=" "><subfield code="a">Publisher supplied data</subfield></datafield><datafield tag="593" ind1=" " ind2=" "><subfield code="a">PubAg article</subfield></datafield><datafield tag="596" ind1=" " ind2=" "><subfield code="a">KR16AC0K13382</subfield><subfield code="c">Klima- und Energiefonds</subfield></datafield><datafield tag="596" ind1=" " ind2=" "><subfield code="a">LO1415</subfield><subfield code="c">Czech Science Foundation</subfield></datafield><datafield tag="650" ind1=" " ind2="3"><subfield code="a">Fraxinus excelsior</subfield></datafield><datafield tag="650" ind1=" " ind2="3"><subfield code="a">Populus alba</subfield></datafield><datafield tag="650" ind1=" " ind2="3"><subfield code="a">floodplains</subfield></datafield><datafield tag="650" ind1=" " ind2="3"><subfield code="a">forests</subfield></datafield><datafield tag="650" ind1=" " ind2="3"><subfield code="a">landscapes</subfield></datafield><datafield tag="650" ind1=" " ind2="3"><subfield code="a">methane</subfield></datafield><datafield tag="650" ind1=" " ind2="3"><subfield code="a">methane production</subfield></datafield><datafield tag="650" ind1=" " ind2="3"><subfield code="a">nitrous oxide</subfield></datafield><datafield tag="650" ind1=" " ind2="3"><subfield code="a">soil</subfield></datafield><datafield tag="650" ind1=" " ind2="3"><subfield code="a">trees</subfield></datafield><datafield tag="700" ind1="1" ind2=" "><subfield code="a">Kitzler, Barbara</subfield><subfield code="e">author</subfield><subfield code="u">Federal Research and Training Centre for Forests, Natural Hazards and Landscape, Seckendorff-Gudent-Weg 8, 1131, Vienna, Austria</subfield></datafield><datafield tag="700" ind1="1" ind2=" "><subfield code="a">Machacova, Katerina</subfield><subfield code="e">author</subfield><subfield code="u">Global Change Research Institute of the Czech Academy of Sciences, Belidla 4a, CZ-60300, Brno, Czech Republic</subfield></datafield><datafield tag="700" ind1="1" ind2=" "><subfield code="a">Schindler, Thomas</subfield><subfield code="e">author</subfield><subfield code="u">Institute of Ecology and Earth Science, University of Tartu, Vanemuise 46, 51003, Tartu, Estonia</subfield></datafield><datafield tag="700" ind1="1" ind2=" "><subfield code="a">Schindlbacher, Andreas</subfield><subfield code="e">author</subfield><subfield code="u">Federal Research and Training Centre for Forests, Natural Hazards and Landscape, Seckendorff-Gudent-Weg 8, 1131, Vienna, Austria</subfield></datafield><datafield tag="773" ind1="0" ind2=" "><subfield code="t">Plant and soil.</subfield><subfield code="g">2021 Apr., v. 461, no. 1-2 p.407-420</subfield><subfield code="d">Springer International Publishing</subfield><subfield code="w">Journal:jnl49373</subfield><subfield code="x">0032-079X</subfield><subfield code="7">nnas</subfield></datafield><datafield tag="787" ind1="1" ind2=" "><subfield code="o">islandora_article_repository</subfield></datafield><datafield tag="787" ind1="1" ind2=" "><subfield code="o">product_pubag</subfield></datafield><datafield tag="787" ind1="1" ind2=" "><subfield code="o">(Journal)jnl49373</subfield></datafield><datafield tag="856" ind1="4" ind2="0"><subfield code="u">https://dx.doi.org/10.1007/s11104-020-04818-4</subfield><subfield code="3">Available from publisher's site</subfield></datafield><datafield tag="912" ind1=" " ind2=" "><subfield code="a">Article</subfield></datafield><datafield tag="914" ind1=" " ind2=" "><subfield code="a">Journal:jnl49373</subfield><subfield code="b">0032-079X</subfield><subfield code="c">461</subfield><subfield code="d">1-2</subfield><subfield code="e">407</subfield></datafield><datafield tag="914" ind1=" " ind2=" "><subfield code="f">Plant and soil</subfield></datafield><datafield tag="916" ind1=" " ind2=" "><subfield code="a">Batch:10192</subfield></datafield><datafield tag="917" ind1=" " ind2=" "><subfield code="a">issued</subfield></datafield><datafield tag="918" ind1="2" ind2=" "><subfield code="a">Springer</subfield><subfield code="e">provider</subfield><subfield code="5">DNAL</subfield></datafield><datafield tag="935" ind1=" " ind2=" "><subfield code="a">IND607365560</subfield><subfield code="9">ExL</subfield></datafield><datafield tag="949" ind1=" " ind2=" "><subfield code="a">2022-02-22</subfield></datafield><datafield tag="952" ind1=" " ind2=" "><subfield code="d">NAL-AP-2-clean</subfield></datafield><datafield tag="953" ind1=" " ind2=" "><subfield code="a">/data/metadata/incoming/springer/ftp_PUB_21-07-31_06-17-21.zip</subfield></datafield><datafield tag="954" ind1=" " ind2=" "><subfield code="a">file:/data/metadata/staging/springer/11104-461-1-2.xml</subfield></datafield><datafield tag="955" ind1=" " ind2=" "><subfield code="a">/data/metadata/staging/springer/</subfield></datafield><datafield tag="974" ind1=" " ind2=" "><subfield code="a">agid:7365560</subfield></datafield><datafield tag="983" ind1=" " ind2=" "><subfield code="a">2021-07-31</subfield></datafield><datafield tag="984" ind1=" " ind2=" "><subfield code="a">2022-02-18</subfield></datafield></record>