<record><leader>03687nab a2200625 u 4500</leader><controlfield tag="001">9915728946207426</controlfield><controlfield tag="005">20221122000417.0</controlfield><controlfield tag="008">151115e201209 xx |||||o|||||||||||eng||</controlfield><datafield tag="" ind1="7" ind2=" "><subfield code="a">IND601282911</subfield><subfield code="2">DNAL</subfield></datafield><datafield tag="024" ind1="7" ind2=" "><subfield code="a">10.3106/041.037.0302</subfield><subfield code="2">doi</subfield></datafield><datafield tag="035" ind1=" " ind2=" "><subfield code="a">agid:1282911-01nal_inst</subfield></datafield><datafield tag="040" ind1=" " ind2=" "><subfield code="a">AGL</subfield><subfield code="b">eng</subfield><subfield code="c">AGL</subfield></datafield><datafield tag="100" ind1="1" ind2=" "><subfield code="a">Bhattacharya, Tapajit</subfield><subfield code="e">author</subfield><subfield code="u">Wildlife Institute of India, P.O. Box 18, Chandrabani, Dehradun 248 001, Uttarakhand, India</subfield></datafield><datafield tag="245" ind1="1" ind2="0"><subfield code="a">Distribution, Occupancy and Activity Patterns of Goral (Nemorhaedus goral) and Serow (Capricornis thar) in Khangchendzonga Biosphere Reserve, Sikkim, India</subfield></datafield><datafield tag="300" ind1=" " ind2=" "><subfield code="a">p. 173-181.</subfield></datafield><datafield tag="500" ind1=" " ind2=" "><subfield code="a">2019-12-04</subfield></datafield><datafield tag="520" ind1=" " ind2=" "><subfield code="a">We assessed the distribution, occupancy, and activity patterns of two rupicaprids viz., Himalayan goral Nemorhaedus goral and Himalayan serow Capricornis thar in the western part of the Khangchendzonga Biosphere Reserve, Sikkim, using camera traps during 2009–2010. Goral had the highest photo-capture rate (# photo/100 days) of 6.37 ± 3.02 in temperate habitats (n = 169) followed by 1.82 ± 1.27 in subalpine habitats (n = 41). Serow had the highest photo-capture rate of 1.65 ± 0.88 in subalpine habitats (n = 53) followed by 0.58 ± 0.34 in temperate habitats (n = 19). The estimated detection probability was 0.57 for goral and 0.46 for serow. Detection probabilities were negatively related to human presence. Occupancy of goral (0.27) was slightly lesser than serow (0.30). Denser tree cover, warmer aspect and sites far away from tourist trails were the best predictors for the occupancy of goral. Denser tree cover, higher elevation and warmer aspect were the best predictors for the occupancy of serow. Spatial separation between these two species was not clear although different activity peaks were observed. To ensure the survival of these species, protection measures are required to keep their habitats free from anthropogenic activities.</subfield></datafield><datafield tag="592" ind1=" " ind2=" "><subfield code="a">Publisher supplied data</subfield></datafield><datafield tag="593" ind1=" " ind2=" "><subfield code="a">PubAg article</subfield></datafield><datafield tag="650" ind1=" " ind2="3"><subfield code="a">probability</subfield></datafield><datafield tag="650" ind1=" " ind2="3"><subfield code="a">cameras</subfield></datafield><datafield tag="650" ind1=" " ind2="3"><subfield code="a">trees</subfield></datafield><datafield tag="650" ind1=" " ind2="3"><subfield code="a">anthropogenic activities</subfield></datafield><datafield tag="650" ind1=" " ind2="3"><subfield code="a">Capricornis thar</subfield></datafield><datafield tag="650" ind1=" " ind2="3"><subfield code="a">habitats</subfield></datafield><datafield tag="650" ind1=" " ind2="3"><subfield code="a">conservation areas</subfield></datafield><datafield tag="651" ind1=" " ind2="3"><subfield code="a">India</subfield></datafield><datafield tag="653" ind1=" " ind2="0"><subfield code="a">serow</subfield></datafield><datafield tag="653" ind1=" " ind2="0"><subfield code="a">trails</subfield></datafield><datafield tag="653" ind1=" " ind2="0"><subfield code="a">occupancy</subfield></datafield><datafield tag="653" ind1=" " ind2="0"><subfield code="a">activity patterns</subfield></datafield><datafield tag="653" ind1=" " ind2="0"><subfield code="a">eastern Himalaya</subfield></datafield><datafield tag="653" ind1=" " ind2="0"><subfield code="a">goral</subfield></datafield><datafield tag="700" ind1="1" ind2=" "><subfield code="a">Bashir, Tawqir</subfield><subfield code="e">author</subfield><subfield code="u">Wildlife Institute of India, P.O. Box 18, Chandrabani, Dehradun 248 001, Uttarakhand, India</subfield></datafield><datafield tag="700" ind1="1" ind2=" "><subfield code="a">Poudyal, Kamal</subfield><subfield code="e">author</subfield><subfield code="u">Wildlife Institute of India, P.O. Box 18, Chandrabani, Dehradun 248 001, Uttarakhand, India</subfield></datafield><datafield tag="700" ind1="1" ind2=" "><subfield code="a">Sathyakumar, Sambandam</subfield><subfield code="e">author</subfield><subfield code="u">Wildlife Institute of India, P.O. Box 18, Chandrabani, Dehradun 248 001, Uttarakhand, India</subfield></datafield><datafield tag="700" ind1="1" ind2=" "><subfield code="a">Saha, Goutam Kumar</subfield><subfield code="e">author</subfield><subfield code="u">Department of Zoology, University of Calcutta, 35, Ballygunge Circular Road, Kolkata 700019, West Bengal, India</subfield></datafield><datafield tag="773" ind1="0" ind2=" "><subfield code="t">Mammal study.</subfield><subfield code="g">2012 Sept., v. 37, no. 3 p.173-181</subfield><subfield code="d">UniBio Press</subfield><subfield code="x">1343-4152</subfield><subfield code="7">nnas</subfield></datafield><datafield tag="787" ind1="1" ind2=" "><subfield code="o">islandora_article_repository</subfield></datafield><datafield tag="787" ind1="1" ind2=" "><subfield code="o">product_pubag</subfield></datafield><datafield tag="787" ind1="1" ind2=" "><subfield code="o">(Journal)19720</subfield></datafield><datafield tag="856" ind1="4" ind2="0"><subfield code="u">http://dx.doi.org/10.3106%2F041.037.0302</subfield><subfield code="3">Available from publisher's site</subfield></datafield><datafield tag="912" ind1=" " ind2=" "><subfield code="a">Article</subfield></datafield><datafield tag="914" ind1=" " ind2=" "><subfield code="a">Journal:19720</subfield><subfield code="b">1343-4152</subfield><subfield code="c">37</subfield><subfield code="d">3</subfield><subfield code="e">173</subfield></datafield><datafield tag="914" ind1=" " ind2=" "><subfield code="f">Mammal study</subfield></datafield><datafield tag="916" ind1=" " ind2=" "><subfield code="a">Batch:1368</subfield></datafield><datafield tag="917" ind1=" " ind2=" "><subfield code="a">issued</subfield></datafield><datafield tag="918" ind1="2" ind2=" "><subfield code="a">BioOne</subfield><subfield code="e">provider</subfield><subfield code="5">DNAL</subfield></datafield><datafield tag="935" ind1=" " ind2=" "><subfield code="a">IND601282911</subfield><subfield code="9">ExL</subfield></datafield><datafield tag="949" ind1=" " ind2=" "><subfield code="a">2-08-08</subfield></datafield><datafield tag="953" ind1=" " ind2=" "><subfield code="a">JMAMv37i3-10150324-243975.zip</subfield></datafield><datafield tag="962" ind1=" " ind2=" "><subfield code="a">Batch:1368 reviewed on 2-08-08T13:00:02Z</subfield></datafield><datafield tag="974" ind1=" " ind2=" "><subfield code="a">agid:1282911</subfield></datafield><datafield tag="983" ind1=" " ind2=" "><subfield code="a">2015-11-15</subfield></datafield><datafield tag="984" ind1=" " ind2=" "><subfield code="a">2-08-08</subfield></datafield></record>