<record><leader>03597nab a2200493 u 4500</leader><controlfield tag="001">9915729084707426</controlfield><controlfield tag="005">20221122231717.0</controlfield><controlfield tag="008">170725e203 xx |||||o|||||||||||eng||</controlfield><datafield tag="" ind1="7" ind2=" "><subfield code="a">IND605126640</subfield><subfield code="2">DNAL</subfield></datafield><datafield tag="024" ind1="7" ind2=" "><subfield code="a">10.1007/s40725--0031-2</subfield><subfield code="2">doi</subfield></datafield><datafield tag="035" ind1=" " ind2=" "><subfield code="a">agid:5126640-01nal_inst</subfield></datafield><datafield tag="040" ind1=" " ind2=" "><subfield code="a">AGL</subfield><subfield code="b">eng</subfield><subfield code="c">AGL</subfield></datafield><datafield tag="100" ind1="1" ind2=" "><subfield code="a">Forrester, David I.</subfield><subfield code="e">author</subfield></datafield><datafield tag="245" ind1="1" ind2="2"><subfield code="a">A Review of Processes Behind Diversity—Productivity Relationships in Forests</subfield></datafield><datafield tag="300" ind1=" " ind2=" "><subfield code="a">p. 45-61.</subfield></datafield><datafield tag="500" ind1=" " ind2=" "><subfield code="a">Review</subfield></datafield><datafield tag="520" ind1=" " ind2=" "><subfield code="a">Through complementarity interactions, mixed-species forests can be more productive than monocultures, and this effect can increase with tree-species richness. However, this is not always the case. This review examines the processes and stand structural attributes that can influence diversity-productivity relationships (DPRs); how they influence resource availability, resource uptake, and resource-use efficiency; and also describes some important differences between tree-diversity versus grassland-diversity experiments. The size of the complementarity effects caused by these processes and stand structures varies along spatial and temporal gradients in resource availability and climate. These spatial and temporal dynamics have now been examined in many studies, and the general patterns are summarized using a simple framework; complementarity is predicted to increase as the availability of resource “X” declines (or climatic condition X becomes harsher) if the species interactions improve the availability, uptake, or use efficiency of resource X (or interactions improve climatic condition X). Importantly, this framework differs from the stress-gradient hypothesis to account for a wider range of inter-specific plant interactions (not only facilitation) by considering contrasting methods used to quantify species interactions while accounting for stand structure. In addition, complementarity (as opposed to facilitation) for a given species combination can increase as growing conditions improve in forests, contrary to predictions of the stress-gradient hypothesis with regards to facilitation. This review indicates that while the effects of tree-species diversity on growth and other forest functions are now receiving a lot of attention, far less is known about the effects of structural diversity on growth or forest functioning. Direct measurements of the processes, as opposed to focusing mainly on growth responses, could greatly contribute to our understanding of structural diversity effects.</subfield></datafield><datafield tag="592" ind1=" " ind2=" "><subfield code="a">Publisher supplied data</subfield></datafield><datafield tag="593" ind1=" " ind2=" "><subfield code="a">PubAg article</subfield></datafield><datafield tag="650" ind1=" " ind2="3"><subfield code="a">climatic factors</subfield></datafield><datafield tag="650" ind1=" " ind2="3"><subfield code="a">forestry</subfield></datafield><datafield tag="650" ind1=" " ind2="3"><subfield code="a">mixed forests</subfield></datafield><datafield tag="650" ind1=" " ind2="3"><subfield code="a">prediction</subfield></datafield><datafield tag="650" ind1=" " ind2="3"><subfield code="a">stand structure</subfield></datafield><datafield tag="650" ind1=" " ind2="3"><subfield code="a">temporal variation</subfield></datafield><datafield tag="700" ind1="1" ind2=" "><subfield code="a">Bauhus, Jürgen</subfield><subfield code="e">author</subfield></datafield><datafield tag="773" ind1="0" ind2=" "><subfield code="t">Curr Forestry Rep.</subfield><subfield code="g">2 Mar., v. 2, no. 1 p.45-61</subfield><subfield code="d">Springer International Publishing</subfield><subfield code="x">2198-6436</subfield><subfield code="7">nnas</subfield></datafield><datafield tag="787" ind1="1" ind2=" "><subfield code="o">islandora_article_repository</subfield></datafield><datafield tag="787" ind1="1" ind2=" "><subfield code="o">product_pubag</subfield></datafield><datafield tag="787" ind1="1" ind2=" "><subfield code="o">(Journal)22895</subfield></datafield><datafield tag="856" ind1="4" ind2="0"><subfield code="u">http://dx.doi.org/10.1007/s40725--0031-2</subfield><subfield code="3">Available from publisher's site</subfield></datafield><datafield tag="912" ind1=" " ind2=" "><subfield code="a">Article</subfield></datafield><datafield tag="914" ind1=" " ind2=" "><subfield code="a">Journal:22895</subfield><subfield code="b">2198-6436</subfield><subfield code="c">2</subfield><subfield code="d">1</subfield><subfield code="e">45</subfield></datafield><datafield tag="914" ind1=" " ind2=" "><subfield code="f">Curr Forestry Rep</subfield></datafield><datafield tag="916" ind1=" " ind2=" "><subfield code="a">Batch:1995</subfield></datafield><datafield tag="917" ind1=" " ind2=" "><subfield code="a">issued</subfield></datafield><datafield tag="918" ind1="2" ind2=" "><subfield code="a">Springer</subfield><subfield code="e">provider</subfield><subfield code="5">DNAL</subfield></datafield><datafield tag="935" ind1=" " ind2=" "><subfield code="a">IND605126640</subfield><subfield code="9">ExL</subfield></datafield><datafield tag="949" ind1=" " ind2=" "><subfield code="a">2018-09-25</subfield></datafield><datafield tag="953" ind1=" " ind2=" "><subfield code="a">ftp_PUB_17-02-02_05-43-47.zip</subfield></datafield><datafield tag="962" ind1=" " ind2=" "><subfield code="a">Batch:1995 reviewed on 2018-09-25T13:00:03Z</subfield></datafield><datafield tag="974" ind1=" " ind2=" "><subfield code="a">agid:5126640</subfield></datafield><datafield tag="983" ind1=" " ind2=" "><subfield code="a">2017-07-25</subfield></datafield><datafield tag="984" ind1=" " ind2=" "><subfield code="a">2018-09-25</subfield></datafield></record>