<record><leader>05581nab a2200733 u 4500</leader><controlfield tag="001">9915729301807426</controlfield><controlfield tag="005">20221121062436.0</controlfield><controlfield tag="008">200513e202006 xx |||||o|||||||||||eng||</controlfield><datafield tag="" ind1="7" ind2=" "><subfield code="a">IND606943557</subfield><subfield code="2">DNAL</subfield></datafield><datafield tag="024" ind1="7" ind2=" "><subfield code="a">10.1111/geb.13084</subfield><subfield code="2">doi</subfield></datafield><datafield tag="035" ind1=" " ind2=" "><subfield code="a">agid:6943557-01nal_inst</subfield></datafield><datafield tag="040" ind1=" " ind2=" "><subfield code="a">AGL</subfield><subfield code="b">eng</subfield><subfield code="c">AGL</subfield></datafield><datafield tag="100" ind1="1" ind2=" "><subfield code="a">Wang, Lanhui</subfield><subfield code="e">author</subfield><subfield code="u">Department of Geosciences and Natural Resource Management, University of Copenhagen, Copenhagen, Denmark</subfield><subfield code="1">https://orcid.org/0000-0002-4353-1739</subfield></datafield><datafield tag="245" ind1="1" ind2="0"><subfield code="a">Asymmetric patterns and temporal changes in phenology‐based seasonal gross carbon uptake of global terrestrial ecosystems</subfield></datafield><datafield tag="300" ind1=" " ind2=" "><subfield code="a">p. 1020-1033.</subfield></datafield><datafield tag="500" ind1=" " ind2=" "><subfield code="a">JOURNAL ARTICLE</subfield></datafield><datafield tag="520" ind1=" " ind2=" "><subfield code="a">AIM: To study global patterns and temporal changes in the seasonal dynamics (quantity and seasonal distribution) of terrestrial gross carbon uptake in response to global environmental change. LOCATION: Global. TIME PERIOD: 2000–2. MAJOR TAXA STUDIED: Terrestrial ecosystems. METHODS: Following a phenology‐based definition of photosynthetic seasonality, we decompose gross primary production (GPP) into three periods, green‐up, maturity and senescence, and derive their corresponding GPP (GPPgp, GPPmp and GPPsp, respectively) from a newly developed time series of satellite‐based global GPP to study spatio‐temporal dynamics of seasonal GPP. RESULTS: We find that the global fraction of GPPsp (19.8%) is larger than GPPgp (14.3%), indicating a globally asymmetric seasonal distribution of gross carbon uptake by terrestrial ecosystems. Globally, GPPmp plays a dominant role in shaping spatial patterns and increasing/decreasing trends in GPP, while GPPgp/GPPsp contributes to increasing GPP at the regional scale. Higher fractions of GPPgp/GPPmp (lower of GPPsp), as well as the co‐occurrence of increasing GPP and non‐tree vegetation cover in major croplands, are likely to be caused by agricultural intensification. Global changes in GPPgp and GPPsp are closely related to changes in their seasonal distributions (R = .86/.8, respectively), whereas this relationship is weaker for GPPmp (R = .53). Finally, high correlations are observed between changes in GPPgp and GPPsp and changes in their durations (R = .78/.78, respectively), while GPPmp shows a relatively lower correlation with its duration (R = .67). MAIN CONCLUSIONS: The asymmetric spatio‐temporal patterns in the seasonal dynamics of global terrestrial gross carbon uptake found here have been substantially reshaped by anthropogenic land‐use/cover changes and changes in photosynthetic phenology. Compared to calendar‐based meteorological seasons more suitable for temperate/subpolar ecosystems, our phenology‐based approach is expected to provide an alternative starting point for a better understanding of global spatio‐temporal changes in the seasonal dynamics of terrestrial ecosystem processes and functioning under accelerating global change.</subfield></datafield><datafield tag="592" ind1=" " ind2=" "><subfield code="a">Publisher supplied data</subfield></datafield><datafield tag="593" ind1=" " ind2=" "><subfield code="a">PubAg article</subfield></datafield><datafield tag="596" ind1=" " ind2=" "><subfield code="a">41801083</subfield><subfield code="c">National Natural Science Foundation of China</subfield></datafield><datafield tag="596" ind1=" " ind2=" "><subfield code="a">1798</subfield><subfield code="c">S.C. Van Fonden</subfield></datafield><datafield tag="596" ind1=" " ind2=" "><subfield code="a">746347</subfield><subfield code="c">H2020 Marie Skłodowska‐Curie Actions</subfield></datafield><datafield tag="596" ind1=" " ind2=" "><subfield code="a">DFF–6111‐00258</subfield><subfield code="c">Det Frie Forskningsråd</subfield></datafield><datafield tag="596" ind1=" " ind2=" "><subfield code="c">Danish Council for Independent Research</subfield></datafield><datafield tag="596" ind1=" " ind2=" "><subfield code="c">Danish Council for Independent Research</subfield></datafield><datafield tag="650" ind1=" " ind2="3"><subfield code="a">carbon</subfield></datafield><datafield tag="650" ind1=" " ind2="3"><subfield code="a">cropland</subfield></datafield><datafield tag="650" ind1=" " ind2="3"><subfield code="a">global change</subfield></datafield><datafield tag="650" ind1=" " ind2="3"><subfield code="a">gross primary productivity</subfield></datafield><datafield tag="650" ind1=" " ind2="3"><subfield code="a">intensive farming</subfield></datafield><datafield tag="650" ind1=" " ind2="3"><subfield code="a">land use</subfield></datafield><datafield tag="650" ind1=" " ind2="3"><subfield code="a">phenology</subfield></datafield><datafield tag="650" ind1=" " ind2="3"><subfield code="a">photosynthesis</subfield></datafield><datafield tag="650" ind1=" " ind2="3"><subfield code="a">remote sensing</subfield></datafield><datafield tag="650" ind1=" " ind2="3"><subfield code="a">satellites</subfield></datafield><datafield tag="650" ind1=" " ind2="3"><subfield code="a">temporal variation</subfield></datafield><datafield tag="650" ind1=" " ind2="3"><subfield code="a">terrestrial ecosystems</subfield></datafield><datafield tag="650" ind1=" " ind2="3"><subfield code="a">time series analysis</subfield></datafield><datafield tag="650" ind1=" " ind2="3"><subfield code="a">vegetation cover</subfield></datafield><datafield tag="700" ind1="1" ind2=" "><subfield code="a">Tian, Feng</subfield><subfield code="e">author</subfield><subfield code="u">Department of Physical Geography and Ecosystem Science, Lund University, Lund, Sweden</subfield></datafield><datafield tag="700" ind1="1" ind2=" "><subfield code="a">Huang, Ke</subfield><subfield code="e">author</subfield><subfield code="u">Department of Geosciences and Natural Resource Management, University of Copenhagen, Copenhagen, Denmark</subfield></datafield><datafield tag="700" ind1="1" ind2=" "><subfield code="a">Wang, Yuhang</subfield><subfield code="e">author</subfield><subfield code="u">Department of Geosciences and Natural Resource Management, University of Copenhagen, Copenhagen, Denmark</subfield></datafield><datafield tag="700" ind1="1" ind2=" "><subfield code="a">Wu, Zhendong</subfield><subfield code="e">author</subfield><subfield code="u">Department of Geosciences and Natural Resource Management, University of Copenhagen, Copenhagen, Denmark</subfield></datafield><datafield tag="700" ind1="1" ind2=" "><subfield code="a">Fensholt, Rasmus</subfield><subfield code="e">author</subfield><subfield code="u">Department of Geosciences and Natural Resource Management, University of Copenhagen, Copenhagen, Denmark</subfield></datafield><datafield tag="773" ind1="0" ind2=" "><subfield code="t">Global ecology and biogeography.</subfield><subfield code="g">2020 June, v. 29, no. 6 p.1020-1033</subfield><subfield code="d">John Wiley &amp; Sons, Ltd</subfield><subfield code="w">Journal:jnl3920180</subfield><subfield code="x">1466-822X</subfield><subfield code="7">nnas</subfield></datafield><datafield tag="787" ind1="1" ind2=" "><subfield code="o">islandora_article_repository</subfield></datafield><datafield tag="787" ind1="1" ind2=" "><subfield code="o">product_pubag</subfield></datafield><datafield tag="787" ind1="1" ind2=" "><subfield code="o">(Journal)jnl3920180</subfield></datafield><datafield tag="856" ind1="4" ind2="0"><subfield code="u">http://dx.doi.org/10.1111/geb.13084</subfield><subfield code="3">Available from publisher's site</subfield></datafield><datafield tag="912" ind1=" " ind2=" "><subfield code="a">Article</subfield></datafield><datafield tag="914" ind1=" " ind2=" "><subfield code="a">Journal:jnl3920180</subfield><subfield code="b">1466-822X</subfield><subfield code="c">29</subfield><subfield code="d">6</subfield><subfield code="e">1020</subfield></datafield><datafield tag="914" ind1=" " ind2=" "><subfield code="f">Global ecology and biogeography</subfield></datafield><datafield tag="916" ind1=" " ind2=" "><subfield code="a">Batch:2523</subfield></datafield><datafield tag="917" ind1=" " ind2=" "><subfield code="a">issued</subfield></datafield><datafield tag="918" ind1="2" ind2=" "><subfield code="a">John Wiley &amp; Sons, Inc</subfield><subfield code="e">provider</subfield><subfield code="5">DNAL</subfield></datafield><datafield tag="935" ind1=" " ind2=" "><subfield code="a">IND606943557</subfield><subfield code="9">ExL</subfield></datafield><datafield tag="949" ind1=" " ind2=" "><subfield code="a">2020-07-21</subfield></datafield><datafield tag="953" ind1=" " ind2=" "><subfield code="a">/data/metadata/incoming/wiley/1466822X_2020_29_6.xml</subfield></datafield><datafield tag="954" ind1=" " ind2=" "><subfield code="a">file:/data/metadata/staging/wiley/1466822X_2020_29_6.xml</subfield></datafield><datafield tag="955" ind1=" " ind2=" "><subfield code="a">/data/metadata/staging/wiley/</subfield></datafield><datafield tag="962" ind1=" " ind2=" "><subfield code="a">Batch:2523 reviewed on 2020-07-21T04:00:04Z</subfield></datafield><datafield tag="974" ind1=" " ind2=" "><subfield code="a">agid:6943557</subfield></datafield><datafield tag="983" ind1=" " ind2=" "><subfield code="a">2020-05-13</subfield></datafield><datafield tag="984" ind1=" " ind2=" "><subfield code="a">2020-07-21</subfield></datafield></record>