<record><leader>05027nab a2200673 u 4500</leader><controlfield tag="001">9915729430907426</controlfield><controlfield tag="005">20221122065846.0</controlfield><controlfield tag="008">220819e202209 xx |||||o|||||||||||eng||</controlfield><datafield tag="" ind1="7" ind2=" "><subfield code="a">IND607892312</subfield><subfield code="2">DNAL</subfield></datafield><datafield tag="024" ind1="7" ind2=" "><subfield code="a">10.1111/geb.13565</subfield><subfield code="2">doi</subfield></datafield><datafield tag="035" ind1=" " ind2=" "><subfield code="a">agid:7892312-01nal_inst</subfield></datafield><datafield tag="040" ind1=" " ind2=" "><subfield code="a">AGL</subfield><subfield code="b">eng</subfield><subfield code="c">AGL</subfield></datafield><datafield tag="100" ind1="1" ind2=" "><subfield code="a">de la Peña‐Domene, Marinés</subfield><subfield code="e">author</subfield><subfield code="u">Instituto de Ecología, Universidad Nacional Autónoma de México, Mexico City, Mexico</subfield></datafield><datafield tag="245" ind1="1" ind2="0"><subfield code="a">Climatic and edaphic‐based predictors of normalized difference vegetation index in tropical dry landscapes: A pantropical analysis</subfield></datafield><datafield tag="300" ind1=" " ind2=" "><subfield code="a">p. 1850-1863.</subfield></datafield><datafield tag="500" ind1=" " ind2=" "><subfield code="a">JOURNAL ARTICLE</subfield></datafield><datafield tag="520" ind1=" " ind2=" "><subfield code="a">AIM: Spatial patterns in resource supply drive variability in vegetation structure and function, yet quantification of this variability for tropical dry forests (TDFs) remains rudimentary. Several climate‐driven indices have been developed to classify and delineate TDFs globally, but there has not been a climo‐edaphic synthesis of these indices to assess and delineate the extent of TDFs. A statistical climo‐edaphic synthesis of these indices is therefore required. LOCATION: Pantropical. TIME PERIOD: Modern. MAJOR TAXA STUDIED: Vascular plants. METHODS: We assembled most known prior descriptions of TDFs into a single data layer and assessed statistically how the TDF biome, which we call tropical dry landscapes (TDLs) composed of forest and non‐forest vegetation, varied with respect to the normalized difference vegetation index (NDVI) sensed by MODIS (250 m pixel resolution). We examined how the NDVI varied with respect to mean annual temperature (MAT) and rainfall (MAR), precipitation regime, evapotranspiration and the physical, chemical and biological properties of TDL soils. RESULTS: Overall, the NDVI varied widely across TDLs, and we were able to identify five principal NDVI categories. A regression tree model captured 90% of NDVI variation across TDLs, with 14 climate and soil metrics as predictors. The model was then pruned to use only the three strongest metrics. These included the Lang aridity index, total evapotranspiration (ET) and MAT, which aligned with identified NDVI thresholds and accounted for 70% of the variation in NDVI. We found that across a global TDL distribution, ET was the strongest positive predictor and MAT the strongest negative predictor of the NDVI. MAIN CONCLUSIONS: The remote sensing‐based approach described here provides a comprehensive and quantitative biogeographical characterization of global TDL occurrence and the climatic and edaphic drivers of these landscapes.</subfield></datafield><datafield tag="592" ind1=" " ind2=" "><subfield code="a">Publisher supplied data</subfield></datafield><datafield tag="593" ind1=" " ind2=" "><subfield code="a">PubAg article</subfield></datafield><datafield tag="650" ind1=" " ind2="3"><subfield code="a">biogeography</subfield></datafield><datafield tag="650" ind1=" " ind2="3"><subfield code="a">climate</subfield></datafield><datafield tag="650" ind1=" " ind2="3"><subfield code="a">dry environmental conditions</subfield></datafield><datafield tag="650" ind1=" " ind2="3"><subfield code="a">ecosystems</subfield></datafield><datafield tag="650" ind1=" " ind2="3"><subfield code="a">evapotranspiration</subfield></datafield><datafield tag="650" ind1=" " ind2="3"><subfield code="a">geographical distribution</subfield></datafield><datafield tag="650" ind1=" " ind2="3"><subfield code="a">models</subfield></datafield><datafield tag="650" ind1=" " ind2="3"><subfield code="a">normalized difference vegetation index</subfield></datafield><datafield tag="650" ind1=" " ind2="3"><subfield code="a">rain</subfield></datafield><datafield tag="650" ind1=" " ind2="3"><subfield code="a">regression analysis</subfield></datafield><datafield tag="650" ind1=" " ind2="3"><subfield code="a">soil</subfield></datafield><datafield tag="650" ind1=" " ind2="3"><subfield code="a">temperature</subfield></datafield><datafield tag="650" ind1=" " ind2="3"><subfield code="a">vegetation structure</subfield></datafield><datafield tag="700" ind1="1" ind2=" "><subfield code="a">Tapia, Gerardo Rodríguez</subfield><subfield code="e">author</subfield><subfield code="u">Instituto de Ecología, Universidad Nacional Autónoma de México, Mexico City, Mexico</subfield></datafield><datafield tag="700" ind1="1" ind2=" "><subfield code="a">Mesa‐Sierra, Natalia</subfield><subfield code="e">author</subfield><subfield code="u">Instituto Tecnológico y de Estudios Superiores de Occidente, Centro Interdisciplinario para la Formación y Vinculación Social, Tlaquepaque, Mexico</subfield></datafield><datafield tag="700" ind1="1" ind2=" "><subfield code="a">Rivero‐Villar, Anaitzi</subfield><subfield code="e">author</subfield><subfield code="u">Instituto de Ecología, Universidad Nacional Autónoma de México, Mexico City, Mexico</subfield></datafield><datafield tag="700" ind1="1" ind2=" "><subfield code="a">Giardina, Christian P.</subfield><subfield code="e">author</subfield><subfield code="u">Institute of Pacific Islands Forestry, Pacific Southwest Research Station, USDA Forest Service, Hilo, Hawaii, USA</subfield></datafield><datafield tag="700" ind1="1" ind2=" "><subfield code="a">Johnson, Nels G.</subfield><subfield code="e">author</subfield><subfield code="u">USDA Forest Service, Pacific Southwest Research Station, Albany, California, USA</subfield></datafield><datafield tag="700" ind1="1" ind2=" "><subfield code="a">Campo, Julio</subfield><subfield code="e">author</subfield><subfield code="u">Instituto de Ecología, Universidad Nacional Autónoma de México, Mexico City, Mexico</subfield><subfield code="1">https://orcid.org/0000-0002-7595-8593</subfield></datafield><datafield tag="773" ind1="0" ind2=" "><subfield code="t">Global ecology and biogeography.</subfield><subfield code="g">2022 Sept., v. 31, no. 9 p.1850-1863</subfield><subfield code="d">John Wiley &amp; Sons, Ltd</subfield><subfield code="w">Journal:jnl3920180</subfield><subfield code="x">1466-822X</subfield><subfield code="7">nnas</subfield></datafield><datafield tag="787" ind1="1" ind2=" "><subfield code="o">islandora_article_repository</subfield></datafield><datafield tag="787" ind1="1" ind2=" "><subfield code="o">product_pubag</subfield></datafield><datafield tag="787" ind1="1" ind2=" "><subfield code="o">(Journal)jnl3920180</subfield></datafield><datafield tag="856" ind1="4" ind2="0"><subfield code="u">https://dx.doi.org/10.1111/geb.13565</subfield><subfield code="3">Available from publisher's site</subfield></datafield><datafield tag="912" ind1=" " ind2=" "><subfield code="a">Article</subfield></datafield><datafield tag="914" ind1=" " ind2=" "><subfield code="a">Journal:jnl3920180</subfield><subfield code="b">1466-822X</subfield><subfield code="c">31</subfield><subfield code="d">9</subfield><subfield code="e">1850</subfield></datafield><datafield tag="914" ind1=" " ind2=" "><subfield code="f">Global ecology and biogeography</subfield></datafield><datafield tag="916" ind1=" " ind2=" "><subfield code="a">Batch:10269</subfield></datafield><datafield tag="917" ind1=" " ind2=" "><subfield code="a">issued</subfield></datafield><datafield tag="918" ind1="2" ind2=" "><subfield code="a">John Wiley &amp; Sons, Inc</subfield><subfield code="e">provider</subfield><subfield code="5">DNAL</subfield></datafield><datafield tag="935" ind1=" " ind2=" "><subfield code="a">IND607892312</subfield><subfield code="9">ExL</subfield></datafield><datafield tag="949" ind1=" " ind2=" "><subfield code="a">2022-08-19</subfield></datafield><datafield tag="952" ind1=" " ind2=" "><subfield code="d">NAL-AP-2-clean</subfield></datafield><datafield tag="953" ind1=" " ind2=" "><subfield code="a">/data/metadata/incoming/wiley/1466822X_2022_31_9.xml</subfield></datafield><datafield tag="954" ind1=" " ind2=" "><subfield code="a">file:/data/metadata/staging/wiley/1466822X_2022_31_9.xml</subfield></datafield><datafield tag="955" ind1=" " ind2=" "><subfield code="a">/data/metadata/staging/wiley/</subfield></datafield><datafield tag="961" ind1=" " ind2=" "><subfield code="a">USDA/FS</subfield></datafield><datafield tag="974" ind1=" " ind2=" "><subfield code="a">agid:7892312</subfield></datafield><datafield tag="983" ind1=" " ind2=" "><subfield code="a">2022-08-19</subfield></datafield><datafield tag="984" ind1=" " ind2=" "><subfield code="a">2022-08-19</subfield></datafield></record>