<record><leader>03748nab a2200589 u 4500</leader><controlfield tag="001">9915729751607426</controlfield><controlfield tag="005">20221121004515.0</controlfield><controlfield tag="008">190627e20150806xx |||||o|||||||||||eng||</controlfield><datafield tag="" ind1="7" ind2=" "><subfield code="a">IND606482068</subfield><subfield code="2">DNAL</subfield></datafield><datafield tag="024" ind1="7" ind2=" "><subfield code="a">10.3390/f6082719</subfield><subfield code="2">doi</subfield></datafield><datafield tag="035" ind1=" " ind2=" "><subfield code="a">agid:6482068-01nal_inst</subfield></datafield><datafield tag="040" ind1=" " ind2=" "><subfield code="a">AGL</subfield><subfield code="b">eng</subfield><subfield code="c">AGL</subfield></datafield><datafield tag="100" ind1="1" ind2=" "><subfield code="a">Adkins, Joshua K.</subfield><subfield code="e">author</subfield><subfield code="u">Department of Entomology, University of Kentucky, S-225 Ag North, Lexington, KY 40546-0091, USA. jadkins@transy.edu</subfield></datafield><datafield tag="245" ind1="1" ind2="0"><subfield code="a">Benthic Collector and Grazer Communities Are Threatened by Hemlock Woolly Adelgid-Induced Eastern Hemlock Loss</subfield></datafield><datafield tag="300" ind1=" " ind2=" "><subfield code="a">p. 2719-2738.</subfield></datafield><datafield tag="500" ind1=" " ind2=" "><subfield code="a">Journal Article</subfield></datafield><datafield tag="520" ind1=" " ind2=" "><subfield code="a">Eastern hemlock (Tsugacanadensis (L.) is a foundation species in eastern North America where it is under threat from the highly invasive, exotic hemlock woolly adelgid (Adelges tsugae). Eastern hemlock is especially important in riparian areas of Central and Southern Appalachia, so we compared the spatial and temporal composition of benthic collector-gatherers, collector-filterers, and grazers in headwater streams with hemlock-dominated riparian vegetation to those with deciduous tree-dominated riparian vegetation to evaluate the extent to which adelgid-induced hemlock loss could influence composition and abundance of these two functional feeding groups. We found differences in benthic invertebrate abundance and family-level diversity based on riparian vegetation and sampling approach, and, often, riparian vegetation significantly interacted with location or season. Collector-gatherers and grazers were more abundant in eastern hemlock streams in the summer, when hemlock litter is readily available and deciduous litter is relatively sparse. Riparian eastern hemlock appears to exert considerable influence on benthic invertebrate functional feeding group composition in headwater stream communities, as expected with a foundation species. With the loss of eastern hemlock due to adelgid-induced mortality, we should expect to see alterations in spatial and temporal patterns of benthic invertebrate abundance and diversity, with potential consequences to both benthic and terrestrial ecosystem function.</subfield></datafield><datafield tag="592" ind1=" " ind2=" "><subfield code="a">Publisher supplied data</subfield></datafield><datafield tag="593" ind1=" " ind2=" "><subfield code="a">PubAg article</subfield></datafield><datafield tag="650" ind1=" " ind2="3"><subfield code="a">Adelges tsugae</subfield></datafield><datafield tag="650" ind1=" " ind2="3"><subfield code="a">Tsuga canadensis</subfield></datafield><datafield tag="650" ind1=" " ind2="3"><subfield code="a">ecological function</subfield></datafield><datafield tag="650" ind1=" " ind2="3"><subfield code="a">invertebrates</subfield></datafield><datafield tag="650" ind1=" " ind2="3"><subfield code="a">mortality</subfield></datafield><datafield tag="650" ind1=" " ind2="3"><subfield code="a">riparian areas</subfield></datafield><datafield tag="650" ind1=" " ind2="3"><subfield code="a">riparian vegetation</subfield></datafield><datafield tag="650" ind1=" " ind2="3"><subfield code="a">streams</subfield></datafield><datafield tag="650" ind1=" " ind2="3"><subfield code="a">summer</subfield></datafield><datafield tag="650" ind1=" " ind2="3"><subfield code="a">terrestrial ecosystems</subfield></datafield><datafield tag="651" ind1=" " ind2="3"><subfield code="a">Appalachian region</subfield></datafield><datafield tag="651" ind1=" " ind2="3"><subfield code="a">North America</subfield></datafield><datafield tag="700" ind1="1" ind2=" "><subfield code="a">Rieske, Lynne K.</subfield><subfield code="e">author</subfield><subfield code="u">Department of Entomology, University of Kentucky, S-225 Ag North, Lexington, KY 40546-0091, USA. lrieske@uky.edu</subfield></datafield><datafield tag="773" ind1="0" ind2=" "><subfield code="t">Forests.</subfield><subfield code="g">2015 Aug. 06, v. 6, no. 8 p.2719-2738</subfield><subfield code="d">Multidisciplinary Digital Publishing Institute</subfield><subfield code="w">Journal:2257</subfield><subfield code="x">1999-4907</subfield><subfield code="7">nnas</subfield></datafield><datafield tag="787" ind1="1" ind2=" "><subfield code="o">islandora_article_repository</subfield></datafield><datafield tag="787" ind1="1" ind2=" "><subfield code="o">product_pubag</subfield></datafield><datafield tag="787" ind1="1" ind2=" "><subfield code="o">(Journal)2257</subfield></datafield><datafield tag="856" ind1="4" ind2="0"><subfield code="u">http://dx.doi.org/10.3390/f6082719</subfield><subfield code="3">Available from publisher's site</subfield></datafield><datafield tag="912" ind1=" " ind2=" "><subfield code="a">Article</subfield></datafield><datafield tag="914" ind1=" " ind2=" "><subfield code="a">Journal:2257</subfield><subfield code="b">1999-4907</subfield><subfield code="c">6</subfield><subfield code="d">8</subfield><subfield code="e">2719</subfield></datafield><datafield tag="914" ind1=" " ind2=" "><subfield code="f">Forests</subfield></datafield><datafield tag="916" ind1=" " ind2=" "><subfield code="a">Batch:2277</subfield></datafield><datafield tag="917" ind1=" " ind2=" "><subfield code="a">issued</subfield></datafield><datafield tag="918" ind1="2" ind2=" "><subfield code="a">Multidisciplinary Digital Publishing Institute</subfield><subfield code="e">provider</subfield><subfield code="5">DNAL</subfield></datafield><datafield tag="935" ind1=" " ind2=" "><subfield code="a">IND606482068</subfield><subfield code="9">ExL</subfield></datafield><datafield tag="949" ind1=" " ind2=" "><subfield code="a">2019-08-16</subfield></datafield><datafield tag="953" ind1=" " ind2=" "><subfield code="a" >/data/metadata/incoming/mdpinstitute/forests-v06-i08_20150826.xml</subfield></datafield><datafield tag="954" ind1=" " ind2=" "><subfield code="a" >file:/data/metadata/staging/mdpinstitute/forests-v06-i08_20150826.xml</subfield></datafield><datafield tag="955" ind1=" " ind2=" "><subfield code="a">/data/metadata/staging/mdpinstitute/</subfield></datafield><datafield tag="962" ind1=" " ind2=" "><subfield code="a">Batch:2277 reviewed on 2019-08-16T14:00:05Z</subfield></datafield><datafield tag="974" ind1=" " ind2=" "><subfield code="a">agid:6482068</subfield></datafield><datafield tag="983" ind1=" " ind2=" "><subfield code="a">2019-06-27</subfield></datafield><datafield tag="984" ind1=" " ind2=" "><subfield code="a">2019-08-16</subfield></datafield></record>