<record><leader>03648nab a2200673 u 4500</leader><controlfield tag="001">9915729872807426</controlfield><controlfield tag="005">20221122161421.0</controlfield><controlfield tag="008">190215e201301 xx |||||o|||||||||||eng||</controlfield><datafield tag="" ind1="7" ind2=" "><subfield code="a">IND500606052</subfield><subfield code="2">DNAL</subfield></datafield><datafield tag="024" ind1="7" ind2=" "><subfield code="a">10.1/j.biocon.2012.07.009</subfield><subfield code="2">doi</subfield></datafield><datafield tag="035" ind1=" " ind2=" "><subfield code="a">agid:428487-01nal_inst</subfield></datafield><datafield tag="040" ind1=" " ind2=" "><subfield code="a">AGL</subfield><subfield code="b">eng</subfield><subfield code="c">AGL</subfield></datafield><datafield tag="100" ind1="1" ind2=" "><subfield code="a">Levick, Shaun R.</subfield><subfield code="e">author</subfield></datafield><datafield tag="245" ind1="1" ind2="4"><subfield code="a">The rate and spatial pattern of treefall in a savanna landscape</subfield></datafield><datafield tag="300" ind1=" " ind2=" "><subfield code="a">p. 121-127.</subfield></datafield><datafield tag="520" ind1=" " ind2=" "><subfield code="a">Loss of large trees in savanna parks is of biodiversity conservation concern as trees contribute substantially to system biomass, heterogeneity and ecological functioning. Using airborne light detection and ranging (LiDAR), we monitored 119,775 individual trees in two floristically distinct savanna river catchments (2400ha) over a 2-year period in the Kruger National Park, South Africa. Tree height was unchanged in 77% of monitored trees, but 5% increased and 18% decreased in height by 1m or more. We identified 12,703 trees (10.6%) that were completely toppled during the study period. The average rate of treefall was 2.6 trees ha−1yr−1, and was higher in a river catchment dominated by Acacia species (3.8 trees ha−1yr−1) than in another comprised primarily of Combretum species (2.1 trees ha−1yr−1). The majority of observed treefalls were in the 4–6m height classes where proportions of treefall reached 20%. Spatial patterns of treefall were significantly clustered across the landscapes, with proportional rates of loss exceeding 30% in some hillslope patches. These high rates of tree loss present a challenge to biodiversity conservation and management, as tall tree populations may struggle to persist if these rates are maintained over longer time scales. Field-based measures of species-specific population dynamics need to be coupled with large-scale airborne measurements to provide conservation managers with an integrated view upon which to base decision-making.</subfield></datafield><datafield tag="592" ind1=" " ind2=" "><subfield code="a">Publisher supplied data</subfield></datafield><datafield tag="593" ind1=" " ind2=" "><subfield code="a">PubAg article</subfield></datafield><datafield tag="650" ind1=" " ind2="3"><subfield code="a">Acacia</subfield></datafield><datafield tag="650" ind1=" " ind2="3"><subfield code="a">Combretum</subfield></datafield><datafield tag="650" ind1=" " ind2="3"><subfield code="a">biodiversity</subfield></datafield><datafield tag="650" ind1=" " ind2="3"><subfield code="a">biomass</subfield></datafield><datafield tag="650" ind1=" " ind2="3"><subfield code="a">ecological function</subfield></datafield><datafield tag="650" ind1=" " ind2="3"><subfield code="a">landscapes</subfield></datafield><datafield tag="650" ind1=" " ind2="3"><subfield code="a">lidar</subfield></datafield><datafield tag="650" ind1=" " ind2="3"><subfield code="a">national parks</subfield></datafield><datafield tag="650" ind1=" " ind2="3"><subfield code="a">population dynamics</subfield></datafield><datafield tag="650" ind1=" " ind2="3"><subfield code="a">rivers</subfield></datafield><datafield tag="650" ind1=" " ind2="3"><subfield code="a">savannas</subfield></datafield><datafield tag="650" ind1=" " ind2="3"><subfield code="a">trees</subfield></datafield><datafield tag="650" ind1=" " ind2="3"><subfield code="a">watersheds</subfield></datafield><datafield tag="651" ind1=" " ind2="3"><subfield code="a">South Africa</subfield></datafield><datafield tag="653" ind1=" " ind2="0"><subfield code="a">Biodiversity</subfield></datafield><datafield tag="653" ind1=" " ind2="0"><subfield code="a">Dynamics</subfield></datafield><datafield tag="653" ind1=" " ind2="0"><subfield code="a">Elephant</subfield></datafield><datafield tag="653" ind1=" " ind2="0"><subfield code="a">Kruger National Park</subfield></datafield><datafield tag="653" ind1=" " ind2="0"><subfield code="a">LiDAR</subfield></datafield><datafield tag="653" ind1=" " ind2="0"><subfield code="a">South Africa</subfield></datafield><datafield tag="653" ind1=" " ind2="0"><subfield code="a">Spatial</subfield></datafield><datafield tag="653" ind1=" " ind2="0"><subfield code="a">Treefall</subfield></datafield><datafield tag="700" ind1="1" ind2=" "><subfield code="a">Asner, Gregory P.</subfield><subfield code="e">author</subfield><subfield code="u">Department of Global Ecology, Carnegie Institution, 260 Panama St, Stanford, CA 94305, United States</subfield></datafield><datafield tag="773" ind1="0" ind2=" "><subfield code="t">Biological conservation.</subfield><subfield code="g">2013 Jan., v. 157 p.121-127</subfield><subfield code="d">Elsevier Ltd</subfield><subfield code="w">Journal:jnl44607</subfield><subfield code="x">0006-3207</subfield><subfield code="7">nnas</subfield></datafield><datafield tag="787" ind1="1" ind2=" "><subfield code="o">islandora_article_repository</subfield></datafield><datafield tag="787" ind1="1" ind2=" "><subfield code="o">product_pubag</subfield></datafield><datafield tag="787" ind1="1" ind2=" "><subfield code="o">(Journal)jnl44607</subfield></datafield><datafield tag="856" ind1="4" ind2="0"><subfield code="u">https://dx.doi.org/10.1/j.biocon.2012.07.009</subfield><subfield code="3">Available from publisher's site</subfield></datafield><datafield tag="912" ind1=" " ind2=" "><subfield code="a">Article</subfield></datafield><datafield tag="914" ind1=" " ind2=" "><subfield code="a">Journal:jnl44607</subfield><subfield code="b">0006-3207</subfield><subfield code="c">157</subfield><subfield code="e">121</subfield></datafield><datafield tag="914" ind1=" " ind2=" "><subfield code="f">Biological conservation</subfield></datafield><datafield tag="917" ind1=" " ind2=" "><subfield code="a">issued</subfield></datafield><datafield tag="918" ind1="2" ind2=" "><subfield code="a">Elsevier Consyn</subfield><subfield code="e">provider</subfield><subfield code="5">DNAL</subfield></datafield><datafield tag="935" ind1=" " ind2=" "><subfield code="a">IND500606052</subfield><subfield code="9">ExL</subfield></datafield><datafield tag="949" ind1=" " ind2=" "><subfield code="a">2019-02-15</subfield></datafield><datafield tag="953" ind1=" " ind2=" "><subfield code="a">/data/metadata/incoming/consyn/46-2-00002-HEAD-ONLY.zip</subfield></datafield><datafield tag="954" ind1=" " ind2=" "><subfield code="a">file:/data/metadata/staging/consyn/S0006320712003266.xml</subfield></datafield><datafield tag="955" ind1=" " ind2=" "><subfield code="a">/data/metadata/staging/consyn/</subfield></datafield><datafield tag="974" ind1=" " ind2=" "><subfield code="a">agid:428487</subfield></datafield><datafield tag="983" ind1=" " ind2=" "><subfield code="a">2019-02-15</subfield></datafield><datafield tag="984" ind1=" " ind2=" "><subfield code="a">2019-02-15</subfield></datafield></record>