<record><leader>03218nab a2200505 u 4500</leader><controlfield tag="001">9915730894507426</controlfield><controlfield tag="005">20221120131631.0</controlfield><controlfield tag="008">950510e199412 onc|||||o|||||||||||eng||</controlfield><datafield tag="" ind1="7" ind2=" "><subfield code="a">IND20459787</subfield><subfield code="2">DNAL</subfield></datafield><datafield tag="024" ind1="7" ind2=" "><subfield code="a">10.1139/x94-305</subfield><subfield code="2">doi</subfield></datafield><datafield tag="035" ind1=" " ind2=" "><subfield code="a">agid:1405741-01nal_inst</subfield></datafield><datafield tag="040" ind1=" " ind2=" "><subfield code="a">AGL</subfield><subfield code="b">eng</subfield><subfield code="c">AGL</subfield></datafield><datafield tag="100" ind1="1" ind2=" "><subfield code="a">Doruska, P.F.</subfield></datafield><datafield tag="245" ind1="1" ind2="0"><subfield code="a">Modeling the diameter and locational distribution of branches within the crowns of loblolly pine trees in unthinned plantations</subfield></datafield><datafield tag="300" ind1=" " ind2=" "><subfield code="a">p. 2362-2376.</subfield></datafield><datafield tag="500" ind1=" " ind2=" "><subfield code="a">Summary in French.</subfield></datafield><datafield tag="520" ind1=" " ind2=" "><subfield code="a">Crown structure for 9- to 30-year-old loblolly pine (Pinus taeda L.) trees in unthinned plantations was quantified via analysis of branch diameters and location, both along and around the bole, using data from 68 trees. The trees ranged in size from 11.1 to 31.6 cm in diameter at breast height and from 8.30 to 25.67 m in total height, and were growing in Piedmont and Atlantic Coastal Plain stands. Three equations were used to describe the diameter distribution of branches. Circular statistics were used to examine branching patterns around the bole. A system of two equations was developed to predict the total number of branches within a crown. A series of three equations was used to describe the mean of and range in diameters within a whorl. Attempts at modeling the height above ground to branches (whorls) were unsuccessful: therefore, equal height growth per year was assumed and whorls were placed within each year of growth in concordance with the literature. Similarly, predicting the number of branches within a whorl of a certain height was difficult, and overall percentages were employed. Analysis of branch azimuths on a whole-tree basis indicated that a uniform, or regular, distribution was appropriate (and not a "circular normal" distribution). Finally, circular correlation was used to analyze rotational patterns within and between whorls, and a strong positive correlation was found for consecutive whorls of the same number of branches. From this study it was concluded that modeling crown structure is difficult, with much variation occurring among trees.</subfield></datafield><datafield tag="593" ind1=" " ind2=" "><subfield code="a">PubAg article</subfield></datafield><datafield tag="650" ind1=" " ind2="3"><subfield code="a">Pinus taeda</subfield></datafield><datafield tag="650" ind1=" " ind2="3"><subfield code="a">forest plantations</subfield></datafield><datafield tag="650" ind1=" " ind2="3"><subfield code="a">branches</subfield></datafield><datafield tag="650" ind1=" " ind2="3"><subfield code="a">diameter</subfield></datafield><datafield tag="650" ind1=" " ind2="3"><subfield code="a">spatial distribution</subfield></datafield><datafield tag="650" ind1=" " ind2="3"><subfield code="a">equations</subfield></datafield><datafield tag="653" ind1=" " ind2="0"><subfield code="a">crown</subfield></datafield><datafield tag="700" ind1="1" ind2=" "><subfield code="a">Burkhart, H.E.</subfield></datafield><datafield tag="773" ind1="0" ind2=" "><subfield code="t">Canadian journal of forest research.</subfield><subfield code="g">1994 Dec., v. 24, no. 12 p.2362-2376</subfield><subfield code="w">Journal:jnl2003</subfield><subfield code="x">0045-5067</subfield><subfield code="7">nnas</subfield></datafield><datafield tag="787" ind1="1" ind2=" "><subfield code="o">islandora_article_repository</subfield></datafield><datafield tag="787" ind1="1" ind2=" "><subfield code="o">product_pubag</subfield></datafield><datafield tag="787" ind1="1" ind2=" "><subfield code="o">(Journal)jnl2003</subfield></datafield><datafield tag="852" ind1=" " ind2=" "><subfield code="a">DNAL</subfield></datafield><datafield tag="856" ind1="4" ind2="0"><subfield code="u">http://dx.doi.org/10.1139/x94-305</subfield><subfield code="3">Available from publisher's Web site</subfield></datafield><datafield tag="912" ind1=" " ind2=" "><subfield code="a">Article</subfield></datafield><datafield tag="914" ind1=" " ind2=" "><subfield code="a">Journal:jnl2003</subfield><subfield code="c">24</subfield><subfield code="d">12</subfield><subfield code="e">2362</subfield></datafield><datafield tag="914" ind1=" " ind2=" "><subfield code="f">Can. j. for. res</subfield></datafield><datafield tag="917" ind1=" " ind2=" "><subfield code="a">issued</subfield></datafield><datafield tag="930" ind1=" " ind2=" "><subfield code="a">19950609</subfield><subfield code="b">19950615</subfield><subfield code="c">00000000</subfield></datafield><datafield tag="935" ind1=" " ind2=" "><subfield code="a">IND20459787</subfield><subfield code="9">ExL</subfield></datafield><datafield tag="945" ind1=" " ind2=" "><subfield code="a">IND</subfield><subfield code="d">JYB</subfield></datafield><datafield tag="946" ind1=" " ind2=" "><subfield code="a">Non-US</subfield></datafield><datafield tag="952" ind1=" " ind2=" "><subfield code="a">19950609 19950615 00000000</subfield><subfield code="b">IND JYB </subfield></datafield><datafield tag="974" ind1=" " ind2=" "><subfield code="a">agid:1405741</subfield></datafield><datafield tag="984" ind1=" " ind2=" "><subfield code="a">2019-05-06</subfield></datafield><datafield tag="985" ind1=" " ind2=" "><subfield code="a">Converted from MARCXML to MODS version 3.4 using MARC21slim2MODS3-4.xsl (Revision 1.95 2014/04/23)</subfield></datafield><datafield tag="986" ind1=" " ind2=" "><subfield code="a">3011544</subfield></datafield></record>