<record><leader>04308nab a2200637 u 4500</leader><controlfield tag="001">9915730948507426</controlfield><controlfield tag="005">20221120192812.0</controlfield><controlfield tag="008">140819e201409 xx |||||o|||||||||||eng||</controlfield><datafield tag="" ind1="7" ind2=" "><subfield code="a">IND600811342</subfield><subfield code="2">DNAL</subfield></datafield><datafield tag="024" ind1="7" ind2=" "><subfield code="a">10.1111/aec.12134</subfield><subfield code="2">doi</subfield></datafield><datafield tag="035" ind1=" " ind2=" "><subfield code="a">agid:811342-01nal_inst</subfield></datafield><datafield tag="040" ind1=" " ind2=" "><subfield code="a">AGL</subfield><subfield code="b">eng</subfield><subfield code="c">AGL</subfield></datafield><datafield tag="100" ind1="1" ind2=" "><subfield code="a">Harris, Donna B.</subfield><subfield code="e">author</subfield><subfield code="u">School of Earth and Environmental Sciences, University of Adelaide, Adelaide, SA, 5005, Australia. donnabharris@googlemail.com</subfield></datafield><datafield tag="245" ind1="1" ind2="4"><subfield code="a">The influence of non‐climate predictors at local and landscape resolutions depends on the autecology of the species</subfield></datafield><datafield tag="300" ind1=" " ind2=" "><subfield code="a">p. 710-721.</subfield></datafield><datafield tag="520" ind1=" " ind2=" "><subfield code="a">Species distribution models have come under criticism for being too simplistic for making robust future forecasts, partly because they assume that climate is the main determinant of geographical range at large spatial extents and coarse resolutions, with non‐climate predictors being important only at finer scales. We suggest that this paradigm might be obscured by species movement patterns. To explore this we used contrasting kangaroo (family Macropodidae) case studies: two species with relatively small, stable home ranges (Macropus giganteus and M. robustus) and three species with more extensive, adaptive ranging behaviour (M. antilopinus, M. fuliginosus and M. rufus). We predicted that non‐climate predictors will be most influential to model fit and predictive performance at local spatial resolution for the former species and at landscape resolution for the latter species. We compared residuals autocovariate – boosted regression tree (RAC‐BRT) model statistics with and without species‐specific non‐climate predictors (habitat, soil, fire, water and topography), at local‐ and landscape‐level spatial resolutions (5 and 50 km). As predicted, the influence of non‐climate predictors on model fit and predictive performance (compared with climate‐only models) was greater at 50 compared with 5 km resolution for M. rufus and M. fuliginosus and the opposite trend was observed for M. giganteus. The results for M. robustus and M. antilopinus were inconclusive. Also notable was the difference in inter‐scale importance of climate predictors in the presence of non‐climate predictors. In conclusion, differences in autecology, particularly relating to space use, may contribute to the importance of non‐climate predictors at a given scale, not model scale per se. Further exploration of this concept across a range of species is encouraged and findings may contribute to more effective conservation and management of species at ecologically meaningful scales.</subfield></datafield><datafield tag="592" ind1=" " ind2=" "><subfield code="a">Publisher supplied data</subfield></datafield><datafield tag="593" ind1=" " ind2=" "><subfield code="a">PubAg article</subfield></datafield><datafield tag="650" ind1=" " ind2="3"><subfield code="a">Macropus giganteus</subfield></datafield><datafield tag="650" ind1=" " ind2="3"><subfield code="a">biogeography</subfield></datafield><datafield tag="650" ind1=" " ind2="3"><subfield code="a">case studies</subfield></datafield><datafield tag="650" ind1=" " ind2="3"><subfield code="a">climate</subfield></datafield><datafield tag="650" ind1=" " ind2="3"><subfield code="a">habitats</subfield></datafield><datafield tag="650" ind1=" " ind2="3"><subfield code="a">home range</subfield></datafield><datafield tag="650" ind1=" " ind2="3"><subfield code="a">landscapes</subfield></datafield><datafield tag="650" ind1=" " ind2="3"><subfield code="a">models</subfield></datafield><datafield tag="650" ind1=" " ind2="3"><subfield code="a">population ecology</subfield></datafield><datafield tag="650" ind1=" " ind2="3"><subfield code="a">regression analysis</subfield></datafield><datafield tag="650" ind1=" " ind2="3"><subfield code="a">soil</subfield></datafield><datafield tag="650" ind1=" " ind2="3"><subfield code="a">topography</subfield></datafield><datafield tag="700" ind1="1" ind2=" "><subfield code="a">Gregory, Stephen D.</subfield><subfield code="e">author</subfield></datafield><datafield tag="700" ind1="1" ind2=" "><subfield code="a">Brook, Barry W.</subfield><subfield code="e">author</subfield></datafield><datafield tag="700" ind1="1" ind2=" "><subfield code="a">Ritchie, Euan G.</subfield><subfield code="e">author</subfield></datafield><datafield tag="700" ind1="1" ind2=" "><subfield code="a">Croft, David B.</subfield><subfield code="e">author</subfield></datafield><datafield tag="700" ind1="1" ind2=" "><subfield code="a">Coulson, Graeme</subfield><subfield code="e">author</subfield></datafield><datafield tag="700" ind1="1" ind2=" "><subfield code="a">Fordham, Damien A.</subfield><subfield code="e">author</subfield></datafield><datafield tag="773" ind1="0" ind2=" "><subfield code="t">Austral ecology.</subfield><subfield code="g">2014 Sept., v. 39, no. 6 p.710-721</subfield><subfield code="d">Blackwell Science Asia</subfield><subfield code="x">1442-9985</subfield><subfield code="7">nnas</subfield></datafield><datafield tag="787" ind1="1" ind2=" "><subfield code="o">islandora_article_repository</subfield></datafield><datafield tag="787" ind1="1" ind2=" "><subfield code="o">product_pubag</subfield></datafield><datafield tag="787" ind1="1" ind2=" "><subfield code="o">(Journal)jnl59958</subfield></datafield><datafield tag="856" ind1="4" ind2="0"><subfield code="u">http://dx.doi.org/10.1111/aec.12134</subfield><subfield code="3">Available from publisher's site</subfield></datafield><datafield tag="912" ind1=" " ind2=" "><subfield code="a">Article</subfield></datafield><datafield tag="914" ind1=" " ind2=" "><subfield code="a">Journal:jnl59958</subfield><subfield code="b">1442-9985</subfield><subfield code="c">39</subfield><subfield code="d">6</subfield><subfield code="e">710</subfield></datafield><datafield tag="914" ind1=" " ind2=" "><subfield code="f">Austral ecology</subfield></datafield><datafield tag="916" ind1=" " ind2=" "><subfield code="a">Batch:664</subfield></datafield><datafield tag="917" ind1=" " ind2=" "><subfield code="a">issued</subfield></datafield><datafield tag="918" ind1="2" ind2=" "><subfield code="a">John Wiley &amp; Sons, Inc</subfield><subfield code="e">provider</subfield><subfield code="5">DNAL</subfield></datafield><datafield tag="935" ind1=" " ind2=" "><subfield code="a">IND600811342</subfield><subfield code="9">ExL</subfield></datafield><datafield tag="949" ind1=" " ind2=" "><subfield code="a">2014-10-15</subfield></datafield><datafield tag="953" ind1=" " ind2=" "><subfield code="a">14429985_2014_39_6.xml</subfield></datafield><datafield tag="962" ind1=" " ind2=" "><subfield code="a">Batch:664 annotated on 2014-09-16T12:57:41Z</subfield></datafield><datafield tag="962" ind1=" " ind2=" "><subfield code="a">Batch:664 reviewed on 2014-10-15T11:00:02Z</subfield></datafield><datafield tag="962" ind1=" " ind2=" "><subfield code="a">Batch:664 reviewed on 2014-10-15T16:00:02Z</subfield></datafield><datafield tag="974" ind1=" " ind2=" "><subfield code="a">agid:811342</subfield></datafield><datafield tag="983" ind1=" " ind2=" "><subfield code="a">2014-08-19</subfield></datafield><datafield tag="984" ind1=" " ind2=" "><subfield code="a">2014-08-19</subfield></datafield></record>