<record><leader>06076nab a2200793 u 4500</leader><controlfield tag="001">9915731011807426</controlfield><controlfield tag="005">20221121015729.0</controlfield><controlfield tag="008">191118e20191015xx |||||o|||||||||||eng||</controlfield><datafield tag="" ind1="7" ind2=" "><subfield code="a">IND606544534</subfield><subfield code="2">DNAL</subfield></datafield><datafield tag="024" ind1="7" ind2=" "><subfield code="a">10.1/j.foreco.2019.117499</subfield><subfield code="2">doi</subfield></datafield><datafield tag="035" ind1=" " ind2=" "><subfield code="a">agid:6544534-01nal_inst</subfield></datafield><datafield tag="040" ind1=" " ind2=" "><subfield code="a">AGL</subfield><subfield code="b">eng</subfield><subfield code="c">AGL</subfield></datafield><datafield tag="100" ind1="1" ind2=" "><subfield code="a">Lascurain-Rangel, Maite</subfield><subfield code="e">author</subfield><subfield code="u">Instituto de Ecología, A.C. Red Ambiente y Sustentabilidad, Carretera antigua a Coatepec 351, CP 91070 Xalapa, Veracruz, Mexico</subfield></datafield><datafield tag="245" ind1="1" ind2="0"><subfield code="a">Long-term enrichment with the camedor palm (Chamaedorea elegans Mart.) improved forest cover in an anthropogenic tropical landscape</subfield></datafield><datafield tag="520" ind1=" " ind2=" "><subfield code="a">The use of non-timber forest products forms part of the strategy contributing to the well-being of populations near forest areas. Chamaedorea is one of the most important palm genera that is globally commercialized profitably for its attractive foliage used in floral decorations. In our study area located in the central region of Veracruz, Mexico we identified changes in tree cover between 1973 and 2017 using the normalized difference vegetation index (NDVI). We conducted plant surveys to identify tree species richness associated with the cultivation of C. elegans. We conducted semi-structured interviews with local palm producers to understand their perceptions regarding changes in tree cover in the study area and its association with the presence of the camedor palm. Soil cover patterns and vegetation index signatures indicated an increase in the forested area from 1973 to 2017 (after more than 43 years), with a 69% gain in secondary vegetation coverage with low NDVI values. This increase is associated with the cultivation of palm, since arboreal cover had previously been dominated by species traditionally used as shade for camedor cultivation. Tree diameters at breast height (DBH) were low, indicating young secondary forests with low recruitment and diversity in the understory suggestive of simplified species assemblages; most of the associated species were long-living pioneers and typical of the secondary forest favored by the palm producers. Producers mentioned they did not remove coffee because it is their main means of subsistence, and in combination with the palm, there is greater economic benefit. They also confirmed an increase in forest cover owing to the introduction of palm cultivars in the areas north and south of the study area. This was confirmed with the NDVI results, which detected the same spatial pattern. These changes resulted in the interruption of the processes of succession without the transition of secondary to old-growth forests. However, the canopy of the study area provides better environmental services than did the previously existing vegetation cover. This study showed the need for the assessment of non-timber forest products as key indicators of land use change and alterations in associated plant cover.</subfield></datafield><datafield tag="592" ind1=" " ind2=" "><subfield code="a">Publisher supplied data</subfield></datafield><datafield tag="593" ind1=" " ind2=" "><subfield code="a">PubAg article</subfield></datafield><datafield tag="650" ind1=" " ind2="3"><subfield code="a">Chamaedorea elegans</subfield></datafield><datafield tag="650" ind1=" " ind2="3"><subfield code="a">canopy</subfield></datafield><datafield tag="650" ind1=" " ind2="3"><subfield code="a">commercialization</subfield></datafield><datafield tag="650" ind1=" " ind2="3"><subfield code="a">cultivars</subfield></datafield><datafield tag="650" ind1=" " ind2="3"><subfield code="a">ecosystem services</subfield></datafield><datafield tag="650" ind1=" " ind2="3"><subfield code="a">financial economics</subfield></datafield><datafield tag="650" ind1=" " ind2="3"><subfield code="a">interviews</subfield></datafield><datafield tag="650" ind1=" " ind2="3"><subfield code="a">land use change</subfield></datafield><datafield tag="650" ind1=" " ind2="3"><subfield code="a">landscapes</subfield></datafield><datafield tag="650" ind1=" " ind2="3"><subfield code="a">leaves</subfield></datafield><datafield tag="650" ind1=" " ind2="3"><subfield code="a">nontimber forest products</subfield></datafield><datafield tag="650" ind1=" " ind2="3"><subfield code="a">normalized difference vegetation index</subfield></datafield><datafield tag="650" ind1=" " ind2="3"><subfield code="a">old-growth forests</subfield></datafield><datafield tag="650" ind1=" " ind2="3"><subfield code="a">secondary forests</subfield></datafield><datafield tag="650" ind1=" " ind2="3"><subfield code="a">soil</subfield></datafield><datafield tag="650" ind1=" " ind2="3"><subfield code="a">species richness</subfield></datafield><datafield tag="650" ind1=" " ind2="3"><subfield code="a">surveys</subfield></datafield><datafield tag="650" ind1=" " ind2="3"><subfield code="a">trees</subfield></datafield><datafield tag="650" ind1=" " ind2="3"><subfield code="a">understory</subfield></datafield><datafield tag="650" ind1=" " ind2="3"><subfield code="a">vegetation cover</subfield></datafield><datafield tag="651" ind1=" " ind2="3"><subfield code="a">Mexico</subfield></datafield><datafield tag="653" ind1=" " ind2="0"><subfield code="a">Non-timber forest products</subfield></datafield><datafield tag="653" ind1=" " ind2="0"><subfield code="a">Secondary forest</subfield></datafield><datafield tag="653" ind1=" " ind2="0"><subfield code="a">Soil cover patterns</subfield></datafield><datafield tag="653" ind1=" " ind2="0"><subfield code="a">Vegetation index</subfield></datafield><datafield tag="653" ind1=" " ind2="0"><subfield code="a">Veracruz, Mexico</subfield></datafield><datafield tag="700" ind1="1" ind2=" "><subfield code="a">Rodríguez-Rivas, Guillermo</subfield><subfield code="e">author</subfield><subfield code="u">Universidad Veracruzana, Facultad de Ciencias Agrícolas, Vivero Forestal Universitario, Av. Culturas Veracruzanas S/N, Interior (USBI), Colonia Emiliano Zapata, 91090 Xalapa, Veracruz, Mexico</subfield></datafield><datafield tag="700" ind1="1" ind2=" "><subfield code="a">Antonio Gómez-Díaz, Jorge</subfield><subfield code="e">author</subfield><subfield code="u">Instituto de Ecología, A.C. Red de Biología Evolutiva, Carretera antigua a Coatepec 351, CP 91070 Xalapa, Veracruz, Mexico</subfield></datafield><datafield tag="700" ind1="1" ind2=" "><subfield code="a">Alvarez-Palacios, José Luis</subfield><subfield code="e">author</subfield><subfield code="u">Instituto de Ecología, A.C. Red Ambiente y Sustentabilidad, Carretera antigua a Coatepec 351, CP 91070 Xalapa, Veracruz, Mexico</subfield></datafield><datafield tag="700" ind1="1" ind2=" "><subfield code="a">Benitez-Badillo, Griselda</subfield><subfield code="e">author</subfield><subfield code="u">Instituto de Ecología, A.C. Red Ambiente y Sustentabilidad, Carretera antigua a Coatepec 351, CP 91070 Xalapa, Veracruz, Mexico</subfield></datafield><datafield tag="700" ind1="1" ind2=" "><subfield code="a">López-Binnquist, Citlalli</subfield><subfield code="e">author</subfield><subfield code="u">Universidad Veracruzana, Centro de Investigaciones Tropicales, José María Morelos 44, Centro, 91000 Xalapa Enríquez, Veracruz, Mexico</subfield></datafield><datafield tag="700" ind1="1" ind2=" "><subfield code="a">Dávalos-Sotelo, Raymundo</subfield><subfield code="e">author</subfield><subfield code="u">Instituto de Ecología, A.C. Red Ambiente y Sustentabilidad, Carretera antigua a Coatepec 351, CP 91070 Xalapa, Veracruz, Mexico</subfield></datafield><datafield tag="700" ind1="1" ind2=" "><subfield code="a">López-Acosta, Juan Carlos</subfield><subfield code="e">author</subfield><subfield code="u">Universidad Veracruzana, Centro de Investigaciones Tropicales, José María Morelos 44, Centro, 91000 Xalapa Enríquez, Veracruz, Mexico</subfield></datafield><datafield tag="773" ind1="0" ind2=" "><subfield code="t">Forest ecology and management.</subfield><subfield code="g">2019 Oct. 15, v. 450 p.117499-</subfield><subfield code="d">Elsevier B.V.</subfield><subfield code="w">Journal:jnl9013</subfield><subfield code="x">0378-1127</subfield><subfield code="7">nnas</subfield></datafield><datafield tag="787" ind1="1" ind2=" "><subfield code="o">islandora_article_repository</subfield></datafield><datafield tag="787" ind1="1" ind2=" "><subfield code="o">product_pubag</subfield></datafield><datafield tag="787" ind1="1" ind2=" "><subfield code="o">(Journal)jnl9013</subfield></datafield><datafield tag="856" ind1="4" ind2="0"><subfield code="u">https://dx.doi.org/10.1/j.foreco.2019.117499</subfield><subfield code="3">Available from publisher's site</subfield></datafield><datafield tag="912" ind1=" " ind2=" "><subfield code="a">Article</subfield></datafield><datafield tag="914" ind1=" " ind2=" "><subfield code="a">Journal:jnl9013</subfield><subfield code="b">0378-1127</subfield><subfield code="e">117499</subfield></datafield><datafield tag="914" ind1=" " ind2=" "><subfield code="f">Forest ecology and management</subfield></datafield><datafield tag="916" ind1=" " ind2=" "><subfield code="a">Batch:2287</subfield></datafield><datafield tag="917" ind1=" " ind2=" "><subfield code="a">issued</subfield></datafield><datafield tag="918" ind1="2" ind2=" "><subfield code="a">Elsevier Consyn</subfield><subfield code="e">provider</subfield><subfield code="5">DNAL</subfield></datafield><datafield tag="935" ind1=" " ind2=" "><subfield code="a">IND606544534</subfield><subfield code="9">ExL</subfield></datafield><datafield tag="949" ind1=" " ind2=" "><subfield code="a">2019-11-18</subfield></datafield><datafield tag="953" ind1=" " ind2=" "><subfield code="a" >/data/metadata/incoming/consyn/164826320388851278-00001-HEAD-ONLY-REVISEDSUBJECTLIST.zip</subfield></datafield><datafield tag="954" ind1=" " ind2=" "><subfield code="a">file:/data/metadata/staging/consyn/S0378112719308874.xml</subfield></datafield><datafield tag="955" ind1=" " ind2=" "><subfield code="a">/data/metadata/staging/consyn/</subfield></datafield><datafield tag="974" ind1=" " ind2=" "><subfield code="a">agid:6544534</subfield></datafield><datafield tag="983" ind1=" " ind2=" "><subfield code="a">2019-11-18</subfield></datafield><datafield tag="984" ind1=" " ind2=" "><subfield code="a">2019-11-18</subfield></datafield></record>