<record><leader>03845nab a2200637 u 4500</leader><controlfield tag="001">9915891372207426</controlfield><controlfield tag="005">20221116201246.0</controlfield><controlfield tag="008">200722e20200521xx |||||o|||||||||||eng||</controlfield><datafield tag="" ind1="7" ind2=" "><subfield code="a">IND607039929</subfield><subfield code="2">DNAL</subfield></datafield><datafield tag="024" ind1="7" ind2=" "><subfield code="a">10.3390/rs12155</subfield><subfield code="2">doi</subfield></datafield><datafield tag="035" ind1=" " ind2=" "><subfield code="a">agid:7039929-01nal_inst</subfield></datafield><datafield tag="040" ind1=" " ind2=" "><subfield code="a">AGL</subfield><subfield code="b">eng</subfield><subfield code="c">AGL</subfield></datafield><datafield tag="100" ind1="1" ind2=" "><subfield code="a">Bright, Benjamin C.</subfield><subfield code="e">author</subfield><subfield code="u">Rocky Mountain Research Station, United States Forest Service, 1221 South Main Street, Moscow, ID 83843, USA</subfield></datafield><datafield tag="245" ind1="1" ind2="0"><subfield code="a">Mapping Multiple Insect Outbreaks across Large Regions Annually Using Landsat Time Series Data</subfield></datafield><datafield tag="520" ind1=" " ind2=" "><subfield code="a">Forest insect outbreaks have caused and will continue to cause extensive tree mortality worldwide, affecting ecosystem services provided by forests. Remote sensing is an effective tool for detecting and mapping tree mortality caused by forest insect outbreaks. In this study, we map insect-caused tree mortality across three coniferous forests in the Western United States for the years 1984 to 2018. First, we mapped mortality at the tree level using field observations and high-resolution multispectral imagery collected in 2010, 2011, and 2018. Using these high-resolution maps of tree mortality as reference images, we then classified moderate-resolution Landsat imagery as disturbed or undisturbed and for disturbed pixels, predicted percent tree mortality with random forest (RF) models. The classification approach and RF models were then applied to time series of Landsat imagery generated with Google Earth Engine (GEE) to create annual maps of percent tree mortality. We separated disturbed from undisturbed forest with overall accuracies of 74% to 80%. Cross-validated RF models explained 61% to 68% of the variation in percent tree mortality within disturbed 30-m pixels. Landsat-derived maps of tree mortality were comparable to vector aerial survey data for a variety of insect agents, in terms of spatial patterns of mortality and annual estimates of total mortality area. However, low-level tree mortality was not always detected. We conclude that our methodology has the potential to generate reasonable estimates of annual tree mortality across large extents.</subfield></datafield><datafield tag="592" ind1=" " ind2=" "><subfield code="a">Publisher supplied data</subfield></datafield><datafield tag="593" ind1=" " ind2=" "><subfield code="a">PubAg article</subfield></datafield><datafield tag="650" ind1=" " ind2="3"><subfield code="a">Internet</subfield></datafield><datafield tag="650" ind1=" " ind2="3"><subfield code="a">Landsat</subfield></datafield><datafield tag="650" ind1=" " ind2="3"><subfield code="a">aerial surveys</subfield></datafield><datafield tag="650" ind1=" " ind2="3"><subfield code="a">coniferous forests</subfield></datafield><datafield tag="650" ind1=" " ind2="3"><subfield code="a">ecosystem services</subfield></datafield><datafield tag="650" ind1=" " ind2="3"><subfield code="a">forest insects</subfield></datafield><datafield tag="650" ind1=" " ind2="3"><subfield code="a">insect outbreaks</subfield></datafield><datafield tag="650" ind1=" " ind2="3"><subfield code="a">models</subfield></datafield><datafield tag="650" ind1=" " ind2="3"><subfield code="a">mortality</subfield></datafield><datafield tag="650" ind1=" " ind2="3"><subfield code="a">multispectral imagery</subfield></datafield><datafield tag="650" ind1=" " ind2="3"><subfield code="a">remote sensing</subfield></datafield><datafield tag="650" ind1=" " ind2="3"><subfield code="a">time series analysis</subfield></datafield><datafield tag="650" ind1=" " ind2="3"><subfield code="a">tree mortality</subfield></datafield><datafield tag="650" ind1=" " ind2="3"><subfield code="a">trees</subfield></datafield><datafield tag="651" ind1=" " ind2="3"><subfield code="a">Western United States</subfield></datafield><datafield tag="700" ind1="1" ind2=" "><subfield code="a">Hudak, Andrew T.</subfield><subfield code="e">author</subfield></datafield><datafield tag="700" ind1="1" ind2=" "><subfield code="a">Meddens, Arjan J.H.</subfield><subfield code="e">author</subfield></datafield><datafield tag="700" ind1="1" ind2=" "><subfield code="a">Egan, Joel M.</subfield><subfield code="e">author</subfield></datafield><datafield tag="700" ind1="1" ind2=" "><subfield code="a">Jorgensen, Carl L.</subfield><subfield code="e">author</subfield></datafield><datafield tag="773" ind1="0" ind2=" "><subfield code="t">Remote Sensing.</subfield><subfield code="g">2020 May 21, v. 12, no. 10</subfield><subfield code="d">Multidisciplinary Digital Publishing Institute</subfield><subfield code="w">Journal:26717</subfield><subfield code="x">2072-4292</subfield><subfield code="7">nnas</subfield></datafield><datafield tag="787" ind1="1" ind2=" "><subfield code="o">islandora_article_repository</subfield></datafield><datafield tag="787" ind1="1" ind2=" "><subfield code="o">product_pubag</subfield></datafield><datafield tag="787" ind1="1" ind2=" "><subfield code="o">(Journal)26717</subfield></datafield><datafield tag="856" ind1="4" ind2="0"><subfield code="u">https://dx.doi.org/10.3390/rs12155</subfield><subfield code="3">Available from publisher's site</subfield></datafield><datafield tag="912" ind1=" " ind2=" "><subfield code="a">Article</subfield></datafield><datafield tag="914" ind1=" " ind2=" "><subfield code="a">Journal:26717</subfield><subfield code="b">2072-4292</subfield><subfield code="c">12</subfield><subfield code="d">10</subfield></datafield><datafield tag="914" ind1=" " ind2=" "><subfield code="f">Remote Sensing</subfield></datafield><datafield tag="916" ind1=" " ind2=" "><subfield code="a">Batch:2560</subfield></datafield><datafield tag="917" ind1=" " ind2=" "><subfield code="a">issued</subfield></datafield><datafield tag="918" ind1="2" ind2=" "><subfield code="a">Multidisciplinary Digital Publishing Institute</subfield><subfield code="e">provider</subfield><subfield code="5">DNAL</subfield></datafield><datafield tag="935" ind1=" " ind2=" "><subfield code="a">IND607039929</subfield><subfield code="9">ExL</subfield></datafield><datafield tag="949" ind1=" " ind2=" "><subfield code="a">2020-09-09</subfield></datafield><datafield tag="953" ind1=" " ind2=" "><subfield code="a" >/data/metadata/incoming/mdpinstitute/remotesensing-v12-i10-20200716.xml</subfield></datafield><datafield tag="954" ind1=" " ind2=" "><subfield code="a" >file:/data/metadata/staging/mdpinstitute/remotesensing-v12-i10-20200716.xml</subfield></datafield><datafield tag="955" ind1=" " ind2=" "><subfield code="a">/data/metadata/staging/mdpinstitute/</subfield></datafield><datafield tag="962" ind1=" " ind2=" "><subfield code="a">Batch:2560 reviewed on 2020-09-09T15:00:07Z</subfield></datafield><datafield tag="974" ind1=" " ind2=" "><subfield code="a">agid:7039929</subfield></datafield><datafield tag="983" ind1=" " ind2=" "><subfield code="a">2020-07-22</subfield></datafield><datafield tag="984" ind1=" " ind2=" "><subfield code="a">2020-09-09</subfield></datafield></record>