<record><leader>01790nab a2200637 u 4500</leader><controlfield tag="001">9915891725007426</controlfield><controlfield tag="005">20221116210235.0</controlfield><controlfield tag="008">010326e20000526dcu|||||o|||||||||||eng||</controlfield><datafield tag="" ind1="7" ind2=" "><subfield code="a">IND22563168</subfield><subfield code="2">DNAL</subfield></datafield><datafield tag="024" ind1="7" ind2=" "><subfield code="a">10827950</subfield><subfield code="2">pmid</subfield></datafield><datafield tag="035" ind1=" " ind2=" "><subfield code="a">agid:2661300-01nal_inst</subfield></datafield><datafield tag="040" ind1=" " ind2=" "><subfield code="a">AGL</subfield><subfield code="b">eng</subfield><subfield code="c">AGL</subfield></datafield><datafield tag="100" ind1="1" ind2=" "><subfield code="a">Condit, R.</subfield></datafield><datafield tag="245" ind1="1" ind2="0"><subfield code="a">Spatial patterns in the distribution of tropical tree species</subfield></datafield><datafield tag="300" ind1=" " ind2=" "><subfield code="a">p. 1414-1418.</subfield></datafield><datafield tag="650" ind1=" " ind2="3"><subfield code="a">tropical forests</subfield></datafield><datafield tag="650" ind1=" " ind2="3"><subfield code="a">spatial variation</subfield></datafield><datafield tag="650" ind1=" " ind2="3"><subfield code="a">population density</subfield></datafield><datafield tag="650" ind1=" " ind2="3"><subfield code="a">forest ecology</subfield></datafield><datafield tag="650" ind1=" " ind2="2"><subfield code="a">Ecosystem</subfield></datafield><datafield tag="650" ind1=" " ind2="2"><subfield code="a">Statistics as Topic</subfield></datafield><datafield tag="650" ind1=" " ind2="2"><subfield code="a">Trees</subfield></datafield><datafield tag="650" ind1=" " ind2="2"><subfield code="a">Tropical Climate</subfield></datafield><datafield tag="651" ind1=" " ind2="3"><subfield code="a">Costa Rica</subfield></datafield><datafield tag="651" ind1=" " ind2="0"><subfield code="a">Central America</subfield></datafield><datafield tag="651" ind1=" " ind2="0"><subfield code="a">India</subfield></datafield><datafield tag="651" ind1=" " ind2="0"><subfield code="a">Malaysia</subfield></datafield><datafield tag="651" ind1=" " ind2="0"><subfield code="a">Panama</subfield></datafield><datafield tag="651" ind1=" " ind2="0"><subfield code="a">Sri Lanka</subfield></datafield><datafield tag="651" ind1=" " ind2="0"><subfield code="a">Thailand</subfield></datafield><datafield tag="700" ind1="1" ind2=" "><subfield code="a">Ashton, P.S.</subfield></datafield><datafield tag="700" ind1="1" ind2=" "><subfield code="a">Baker, P.</subfield></datafield><datafield tag="700" ind1="1" ind2=" "><subfield code="a">Bunyavejchewin, S.</subfield></datafield><datafield tag="700" ind1="1" ind2=" "><subfield code="a">Gunatilleke, S.</subfield></datafield><datafield tag="700" ind1="1" ind2=" "><subfield code="a">Gunatilleke, N.</subfield></datafield><datafield tag="700" ind1="1" ind2=" "><subfield code="a">Hubbell, S.P.</subfield></datafield><datafield tag="700" ind1="1" ind2=" "><subfield code="a">Foster, R.B.</subfield></datafield><datafield tag="700" ind1="1" ind2=" "><subfield code="a">Itoh, A.</subfield></datafield><datafield tag="700" ind1="1" ind2=" "><subfield code="a">LaFrankie, J.V.</subfield></datafield><datafield tag="773" ind1="0" ind2=" "><subfield code="t">Science.</subfield><subfield code="g">2000 May 26, v. 288, no. 5470 p.1414-1418</subfield><subfield code="a">Science (Weekly)</subfield><subfield code="x">0036-8075</subfield><subfield code="7">nnas</subfield></datafield><datafield tag="787" ind1="1" ind2=" "><subfield code="o">islandora_article_repository</subfield></datafield><datafield tag="787" ind1="1" ind2=" "><subfield code="o">(Journal)jnl44791</subfield></datafield><datafield tag="852" ind1=" " ind2=" "><subfield code="a">DNAL</subfield></datafield><datafield tag="912" ind1=" " ind2=" "><subfield code="a">Article</subfield></datafield><datafield tag="914" ind1=" " ind2=" "><subfield code="a">Journal:jnl44791</subfield></datafield><datafield tag="914" ind1=" " ind2=" "><subfield code="f">Science</subfield></datafield><datafield tag="917" ind1=" " ind2=" "><subfield code="a">issued</subfield></datafield><datafield tag="930" ind1=" " ind2=" "><subfield code="a">20010402</subfield><subfield code="b">20010411</subfield><subfield code="c">00000000</subfield></datafield><datafield tag="935" ind1=" " ind2=" "><subfield code="a">IND22563168</subfield><subfield code="9">ExL</subfield></datafield><datafield tag="945" ind1=" " ind2=" "><subfield code="a">IND</subfield><subfield code="d">RAE</subfield></datafield><datafield tag="946" ind1=" " ind2=" "><subfield code="a">Other US</subfield></datafield><datafield tag="952" ind1=" " ind2=" "><subfield code="a">20010402 20010411 00000000</subfield><subfield code="b">IND RAE </subfield></datafield><datafield tag="974" ind1=" " ind2=" "><subfield code="a">agid:2661300</subfield></datafield><datafield tag="984" ind1=" " ind2=" "><subfield code="a">2014-12-25</subfield></datafield><datafield tag="985" ind1=" " ind2=" "><subfield code="a">Converted from MARCXML to MODS version 3.4 using MARC21slim2MODS3-4.xsl (Revision 1.95 2014/04/23)</subfield></datafield><datafield tag="986" ind1=" " ind2=" "><subfield code="a">3469604</subfield></datafield></record>