<record><leader>03365nab a2200469 u 4500</leader><controlfield tag="001">9915891898107426</controlfield><controlfield tag="005">20221116210324.0</controlfield><controlfield tag="008">120821e201209 xx |||||o|||||||||||eng||</controlfield><datafield tag="" ind1="7" ind2=" "><subfield code="a">IND44678832</subfield><subfield code="2">DNAL</subfield></datafield><datafield tag="024" ind1="7" ind2=" "><subfield code="a">10.1007/s10342-012-0619-4</subfield><subfield code="2">doi</subfield></datafield><datafield tag="035" ind1=" " ind2=" "><subfield code="a">agid:588751-01nal_inst</subfield></datafield><datafield tag="040" ind1=" " ind2=" "><subfield code="a">AGL</subfield><subfield code="b">eng</subfield><subfield code="c">AGL</subfield></datafield><datafield tag="100" ind1="1" ind2=" "><subfield code="a">Magnussen, Steen</subfield><subfield code="e">author</subfield><subfield code="u">Canadian Forest Service, Natural Resources Canada, Pacific Forestry Center, Victoria, BC, V8Z 1M5, Canada, steen.magnussen@nrcan.gc.ca</subfield></datafield><datafield tag="245" ind1="1" ind2="2"><subfield code="a">A new composite k-tree estimator of stem density</subfield></datafield><datafield tag="300" ind1=" " ind2=" "><subfield code="a">p. 1513-1527.</subfield></datafield><datafield tag="520" ind1=" " ind2=" "><subfield code="a">This study presents a generally applicable and robust k-tree composite estimator of density. We propose to estimate stem density by a weighted average [Formula: see text] of 16 individual density estimators. The weights given to individual estimators are inversely proportional to the relative fit (Akaike’s corrected information criterion) of each estimator to the assumed distribution of observed k-tree distances. The performance of the proposed estimator is evaluated in simulated simple random sampling with k = 3 and 6 in 58 forest stands (54 actual and 4 simulated) and 600 replications. Sample sizes were 15 and 30 locations per stand. Eleven estimators were novel, including three designed for regular spatial patterns. Absolute stand-level bias with k = 6 varied from 0.1 to 8.1% (mean 1.8%), and a bias larger than 6% was limited to 3 stands with either pronounced density gradients or a strong clustering of stem locations. Root mean squared errors were approximately 16% (k = 6 and n = 15) versus 12% for sampling with comparable fixed-area plots. Coverage of computed 95% confidence intervals ranged from 0.72 to 0.99 (median = 0.98 with n = 15 and 0.95 with n = 30), with 98% of all intervals achieving a coverage of 0.85 or better. In seven stands used in an assessment of a novel spatial point pattern reconstruction k-tree density estimator (RDE) by Nothdurft et al. (Can J For Res 40:953–967, 2010), the average absolute bias of [Formula: see text] with k = 6 was 1.5 versus 0.7% for [Formula: see text].</subfield></datafield><datafield tag="592" ind1=" " ind2=" "><subfield code="a">Publisher supplied data</subfield></datafield><datafield tag="593" ind1=" " ind2=" "><subfield code="a">PubAg article</subfield></datafield><datafield tag="650" ind1=" " ind2="3"><subfield code="a">confidence interval</subfield></datafield><datafield tag="650" ind1=" " ind2="3"><subfield code="a">forest stands</subfield></datafield><datafield tag="650" ind1=" " ind2="3"><subfield code="a">sampling</subfield></datafield><datafield tag="650" ind1=" " ind2="3"><subfield code="a">stems</subfield></datafield><datafield tag="773" ind1="0" ind2=" "><subfield code="t">European journal of forest research.</subfield><subfield code="g">2012 Sept., v. 131, no. 5 p.1513-1527</subfield><subfield code="d">Springer-Verlag</subfield><subfield code="x">1612-4669</subfield><subfield code="7">nnas</subfield></datafield><datafield tag="787" ind1="1" ind2=" "><subfield code="o">islandora_article_repository</subfield></datafield><datafield tag="787" ind1="1" ind2=" "><subfield code="o">product_pubag</subfield></datafield><datafield tag="787" ind1="1" ind2=" "><subfield code="o">(Journal)jnl3870054</subfield></datafield><datafield tag="856" ind1="4" ind2="0"><subfield code="u">http://dx.doi.org/10.1007/s10342-012-0619-4</subfield></datafield><datafield tag="912" ind1=" " ind2=" "><subfield code="a">Article</subfield></datafield><datafield tag="914" ind1=" " ind2=" "><subfield code="a">Journal:jnl3870054</subfield><subfield code="b">1612-4669</subfield><subfield code="c">131</subfield><subfield code="d">5</subfield><subfield code="e">1513</subfield></datafield><datafield tag="914" ind1=" " ind2=" "><subfield code="f">European journal of forest research</subfield></datafield><datafield tag="917" ind1=" " ind2=" "><subfield code="a">issued</subfield></datafield><datafield tag="918" ind1="2" ind2=" "><subfield code="a">Springer</subfield><subfield code="e">provider</subfield><subfield code="5">DNAL</subfield></datafield><datafield tag="935" ind1=" " ind2=" "><subfield code="a">IND44678832</subfield><subfield code="9">ExL</subfield></datafield><datafield tag="949" ind1=" " ind2=" "><subfield code="a">2013-05-29</subfield></datafield><datafield tag="951" ind1=" " ind2=" "><subfield code="a">2012-08-21</subfield></datafield><datafield tag="953" ind1=" " ind2=" "><subfield code="a">ftp_PUB_12-08-16_06-07-07.zip</subfield></datafield><datafield tag="962" ind1=" " ind2=" "><subfield code="a">Journal title changed from 'Eur J Forest Res'</subfield></datafield><datafield tag="962" ind1=" " ind2=" "><subfield code="a">Batch:207 annotated on 2013-05-08T13:36:44Z</subfield></datafield><datafield tag="962" ind1=" " ind2=" "><subfield code="a">Batch:207 reviewed on 2013-05-28T12:00:02Z</subfield></datafield><datafield tag="962" ind1=" " ind2=" "><subfield code="a">Batch:207 reviewed on 2013-05-28T13:00:02Z</subfield></datafield><datafield tag="962" ind1=" " ind2=" "><subfield code="a">Batch:207 reviewed on 2013-05-29T10:00:02Z</subfield></datafield><datafield tag="974" ind1=" " ind2=" "><subfield code="a">agid:588751</subfield></datafield></record>