<record><leader>02908nab a2200517 u 4500</leader><controlfield tag="001">9915891905007426</controlfield><controlfield tag="005">20221116210024.0</controlfield><controlfield tag="008">050528e20050520xx |||||o|||||||||||eng||</controlfield><datafield tag="" ind1="7" ind2=" "><subfield code="a">IND43705642</subfield><subfield code="2">DNAL</subfield></datafield><datafield tag="035" ind1=" " ind2=" "><subfield code="a">agid:2773767-01nal_inst</subfield></datafield><datafield tag="040" ind1=" " ind2=" "><subfield code="a">AGL</subfield><subfield code="b">eng</subfield><subfield code="c">AGL</subfield></datafield><datafield tag="072" ind1=" " ind2="0"><subfield code="a"> P200 </subfield></datafield><datafield tag="072" ind1=" " ind2="0"><subfield code="a"> J500 </subfield></datafield><datafield tag="100" ind1="1" ind2=" "><subfield code="a">Banaszuk, P.</subfield></datafield><datafield tag="245" ind1="1" ind2="0"><subfield code="a">Spatial and temporal patterns of groundwater chemistry in the river riparian zone</subfield></datafield><datafield tag="300" ind1=" " ind2=" "><subfield code="a">p. 167-179.</subfield></datafield><datafield tag="520" ind1=" " ind2=" "><subfield code="a">The nutrients dynamics and groundwater flowpaths were studied in a riparian zone of the Narew River valley (NE, Poland). On the monthly basis a transect of monitoring wells extending across cropland, a row of trees, grass belt and mire up to a river were sampled for NO3(-), SRP, Cl(-), K(+), Fe(2+/3+). The Groundwater Modelling System (GMS) was used to assume the spatial and temporal aspects of groundwater movement. The highest concentration of nitrate, potassium and chloride were observed under the fertilized cropland. Their content diminished abruptly towards the wetland and the river. The soluble reactive phosphorus (SRP) concentrations were highest in groundwater of deeper peat horizons and in alluvial sands beneath the peat. Our results revealed that water infiltrating from the field is diverted into alluvial sands beneath the riparian soils and probably below the range of plants roots. Thus, the removal of agrochemicals does not take place in shallow, organic-rich sediments or soils of the riparian zone, but it occurs in sandy aquifer in the valley. Although tree and grassland strips do not play significant role in diminishing of groundwater pollutant transport they are important barrier for sediment-bound P transported from cropland with erosion and surface runoff.</subfield></datafield><datafield tag="650" ind1=" " ind2="3"><subfield code="a">groundwater</subfield></datafield><datafield tag="650" ind1=" " ind2="3"><subfield code="a">riparian areas</subfield></datafield><datafield tag="650" ind1=" " ind2="3"><subfield code="a">wetlands</subfield></datafield><datafield tag="650" ind1=" " ind2="3"><subfield code="a">groundwater flow</subfield></datafield><datafield tag="650" ind1=" " ind2="3"><subfield code="a">hydrologic factors</subfield></datafield><datafield tag="650" ind1=" " ind2="3"><subfield code="a">phosphorus</subfield></datafield><datafield tag="650" ind1=" " ind2="3"><subfield code="a">denitrification</subfield></datafield><datafield tag="650" ind1=" " ind2="3"><subfield code="a">nutrient management</subfield></datafield><datafield tag="651" ind1=" " ind2="3"><subfield code="a">Poland</subfield></datafield><datafield tag="653" ind1=" " ind2="0"><subfield code="a">Narew River, Poland</subfield></datafield><datafield tag="700" ind1="1" ind2=" "><subfield code="a">Wysocka-Czubaszek, A.</subfield></datafield><datafield tag="700" ind1="1" ind2=" "><subfield code="a">Kondratiuk, P.</subfield></datafield><datafield tag="773" ind1="0" ind2=" "><subfield code="t">Agriculture, ecosystems &amp; environment.</subfield><subfield code="g">2005 May 20, v. 107, no. 2-3 p.167-179</subfield><subfield code="x">7-8809</subfield><subfield code="7">nnas</subfield></datafield><datafield tag="787" ind1="1" ind2=" "><subfield code="o">islandora_article_repository</subfield></datafield><datafield tag="787" ind1="1" ind2=" "><subfield code="o">(Journal)jnl34709</subfield></datafield><datafield tag="852" ind1=" " ind2=" "><subfield code="a">DNAL</subfield></datafield><datafield tag="912" ind1=" " ind2=" "><subfield code="a">Article</subfield></datafield><datafield tag="914" ind1=" " ind2=" "><subfield code="a">Journal:jnl34709</subfield></datafield><datafield tag="914" ind1=" " ind2=" "><subfield code="f">Agriculture, ecosystems &amp; environment</subfield></datafield><datafield tag="917" ind1=" " ind2=" "><subfield code="a">issued</subfield></datafield><datafield tag="930" ind1=" " ind2=" "><subfield code="a">20080310</subfield><subfield code="b">20080404</subfield><subfield code="c">00000000</subfield></datafield><datafield tag="935" ind1=" " ind2=" "><subfield code="a">IND43705642</subfield><subfield code="9">ExL</subfield></datafield><datafield tag="945" ind1=" " ind2=" "><subfield code="a">IND</subfield><subfield code="d">DGX</subfield><subfield code="e">2005/09/21</subfield></datafield><datafield tag="946" ind1=" " ind2=" "><subfield code="a">Non-US</subfield></datafield><datafield tag="952" ind1=" " ind2=" "><subfield code="a">20080310 20080404 00000000</subfield><subfield code="b">IND DGX 2005/09/21</subfield></datafield><datafield tag="974" ind1=" " ind2=" "><subfield code="a">agid:2773767</subfield></datafield><datafield tag="984" ind1=" " ind2=" "><subfield code="a">2014-12-22</subfield></datafield><datafield tag="985" ind1=" " ind2=" "><subfield code="a">Converted from MARCXML to MODS version 3.4 using MARC21slim2MODS3-4.xsl (Revision 1.95 2014/04/23)</subfield></datafield><datafield tag="986" ind1=" " ind2=" "><subfield code="a">3705642</subfield></datafield></record>