<record><leader>02875nab a2200517 u 4500</leader><controlfield tag="001">9915891931907426</controlfield><controlfield tag="005">20221116205950.0</controlfield><controlfield tag="008">220419e20180628xx |||||o|||||||||||eng||</controlfield><datafield tag="" ind1="7" ind2=" "><subfield code="a">IND607654147</subfield><subfield code="2">DNAL</subfield></datafield><datafield tag="024" ind1="7" ind2=" "><subfield code="a">10.17221/7/2018-jfs</subfield><subfield code="2">doi</subfield></datafield><datafield tag="035" ind1=" " ind2=" "><subfield code="a">agid:7654147-01nal_inst</subfield></datafield><datafield tag="040" ind1=" " ind2=" "><subfield code="a">AGL</subfield><subfield code="b">eng</subfield><subfield code="c">AGL</subfield></datafield><datafield tag="100" ind1="1" ind2=" "><subfield code="a">Maryam Kazempour, Larsary</subfield><subfield code="e">author</subfield></datafield><datafield tag="245" ind1="1" ind2="0"><subfield code="a">Spatial patterns of trees from different development stages in mixed temperate forest in the Hyrcanian region of Iran</subfield></datafield><datafield tag="300" ind1=" " ind2=" "><subfield code="a">p. 260-270.</subfield></datafield><datafield tag="520" ind1=" " ind2=" "><subfield code="a">Mixed beech (Fagus orientalis Lipsky) forests are very important to the Hyrcanian region of Iran because of their high degree of naturalness and as a source of wood production. Determination of tree spatial patterns over development stages is a first step in understanding underlying processes driving regeneration and forest dynamics. Spatial patterns of trees from three development stages (initial, optimal and decay) of an untouched mixed beech forest were quantified within three 1-ha plots. To prepare the stem maps, we measured each tree with a DBH larger than 7.5 cm using the azimuth-distance method. Spatial patterns were then analysed using Ripley’s K-function. Results indicated that the number of trees decreased from the initial stage to the decay stage, with tree spatial patterns being aggregated, slightly aggregated and highly randomized for initial, optimal and decay stages, respectively. Differences in spatial patterns among the development stages are not unexpected considering that such unmanaged forests are driven by gap dynamics which results in interactions between gap filling individuals.</subfield></datafield><datafield tag="592" ind1=" " ind2=" "><subfield code="a">Publisher supplied data</subfield></datafield><datafield tag="593" ind1=" " ind2=" "><subfield code="a">PubAg article</subfield></datafield><datafield tag="650" ind1=" " ind2="3"><subfield code="a">Fagus sylvatica subsp. orientalis</subfield></datafield><datafield tag="650" ind1=" " ind2="3"><subfield code="a">forest dynamics</subfield></datafield><datafield tag="650" ind1=" " ind2="3"><subfield code="a">temperate forests</subfield></datafield><datafield tag="650" ind1=" " ind2="3"><subfield code="a">trees</subfield></datafield><datafield tag="650" ind1=" " ind2="3"><subfield code="a">wood</subfield></datafield><datafield tag="651" ind1=" " ind2="3"><subfield code="a">Iran</subfield></datafield><datafield tag="700" ind1="1" ind2=" "><subfield code="a">Kambiz Taheri, Abkenar</subfield><subfield code="e">author</subfield></datafield><datafield tag="700" ind1="1" ind2=" "><subfield code="a">Hassan, Pourbabaei</subfield><subfield code="e">author</subfield></datafield><datafield tag="700" ind1="1" ind2=" "><subfield code="a">David, Pothier</subfield><subfield code="e">author</subfield></datafield><datafield tag="700" ind1="1" ind2=" "><subfield code="a">Beitollah, Amanzadeh</subfield><subfield code="e">author</subfield></datafield><datafield tag="773" ind1="0" ind2=" "><subfield code="t">Journal of Forest Science.</subfield><subfield code="g">, v. 64, no. 6 p.260-270</subfield><subfield code="d">Czech Academy of Agricultural Sciences</subfield><subfield code="w">Journal:21419</subfield><subfield code="x">1212-4834</subfield><subfield code="7">nnas</subfield></datafield><datafield tag="787" ind1="1" ind2=" "><subfield code="o">islandora_article_repository</subfield></datafield><datafield tag="787" ind1="1" ind2=" "><subfield code="o">product_pubag</subfield></datafield><datafield tag="787" ind1="1" ind2=" "><subfield code="o">(Journal)21419</subfield></datafield><datafield tag="856" ind1="4" ind2="0"><subfield code="u">https://dx.doi.org/10.17221/7/2018-jfs</subfield><subfield code="3">Available from publisher's site</subfield></datafield><datafield tag="912" ind1=" " ind2=" "><subfield code="a">Article</subfield></datafield><datafield tag="914" ind1=" " ind2=" "><subfield code="a">Journal:21419</subfield><subfield code="b">1212-4834</subfield><subfield code="c">64</subfield><subfield code="d">6</subfield><subfield code="e">260</subfield></datafield><datafield tag="914" ind1=" " ind2=" "><subfield code="f">Journal of Forest Science</subfield></datafield><datafield tag="917" ind1=" " ind2=" "><subfield code="a">issued</subfield></datafield><datafield tag="918" ind1="2" ind2=" "><subfield code="a">CrossRef</subfield><subfield code="e">provider</subfield><subfield code="5">DNAL</subfield></datafield><datafield tag="935" ind1=" " ind2=" "><subfield code="a">IND607654147</subfield><subfield code="9">ExL</subfield></datafield><datafield tag="949" ind1=" " ind2=" "><subfield code="a">2022-04-14</subfield></datafield><datafield tag="953" ind1=" " ind2=" "><subfield code="a">CrossRef_2022-03-22</subfield></datafield><datafield tag="954" ind1=" " ind2=" "><subfield code="a">file:/metadata/staging/crossref/10.17221-7-2018-jfs.xml</subfield></datafield><datafield tag="955" ind1=" " ind2=" "><subfield code="a">/metadata/staging/crossref/</subfield></datafield><datafield tag="974" ind1=" " ind2=" "><subfield code="a">agid:7654147</subfield></datafield><datafield tag="983" ind1=" " ind2=" "><subfield code="a">2022-04-19</subfield></datafield><datafield tag="984" ind1=" " ind2=" "><subfield code="a">2022-04-19</subfield></datafield></record>