<record><leader>04363nab a2200769 u 4500</leader><controlfield tag="001">9915892012207426</controlfield><controlfield tag="005">20221116205659.0</controlfield><controlfield tag="008">151127e200508 xx |||||o|||||||||||eng||</controlfield><datafield tag="" ind1="7" ind2=" "><subfield code="a">IND500651526</subfield><subfield code="2">DNAL</subfield></datafield><datafield tag="024" ind1="7" ind2=" "><subfield code="a">10.1658/1100-9233(2005)[0423:TRIANZ]2.0.CO;2</subfield><subfield code="2">doi</subfield></datafield><datafield tag="035" ind1=" " ind2=" "><subfield code="a">agid:179518-01nal_inst</subfield></datafield><datafield tag="040" ind1=" " ind2=" "><subfield code="a">AGL</subfield><subfield code="b">eng</subfield><subfield code="c">AGL</subfield></datafield><datafield tag="100" ind1="1" ind2=" "><subfield code="a">Urlich, Stephen C.</subfield><subfield code="e">author</subfield><subfield code="u">Bio-protection and Ecology Division, PO Box 84, Lincoln University, Canterbury, New Zealand</subfield></datafield><datafield tag="245" ind1="1" ind2="0"><subfield code="a">Tree regeneration in a New Zealand rain forest influenced by disturbance and drainage interactions</subfield></datafield><datafield tag="300" ind1=" " ind2=" "><subfield code="a">p. 423-432.</subfield></datafield><datafield tag="500" ind1=" " ind2=" "><subfield code="a">2019-12-04</subfield></datafield><datafield tag="520" ind1=" " ind2=" "><subfield code="a">Question: Does canopy tree regeneration response to different large disturbances vary with soil drainage??Location: Old-growth conifer (Dacrydium and Dacrycarpus), angiosperm (Nothofagus and Weinmannia) rain forest, Mount Harata, South Island, New Zealand.Methods: Trees were aged (1056 cores) to reconstruct stand history in 20 (0.12 - 0.2 ha) plots with different underlying drainage. Spatial analyses of an additional 805 tree ages collected from two (0.3 –– 0.7 ha) plots were conducted to detect patchiness for five canopy tree species. Microsite preferences for trees and saplings were determined.Results: There were clear differences in species regeneration patterns on soils with different drainage. Conifer recruitment occurred infrequently in even-aged patches (&gt; 1000 m²) and only on poorly drained soils. Periodic Nothofagus fusca and N. menziesii recruitment occurred more frequently in different sized canopy openings on all soils. Weinmannia recruitment was more continuous on all soils reflecting their greater relative shade-tolerance. Distinct periods of recruitment that occurred in the last 400 years matched known large disturbances in the region. These events affected species differently as soil drainage varied. Following earthquakes, both conifers and N. menziesii regenerated on poorly drained soils, while Nothofagus species and Weinmannia regenerated on well-drained soils. However, Dacrydium failed to regenerate after patchy storm damage in the wetter forest interior; instead faster-growing N. fusca captured elevated microsites caused by uprooting.Conclusions: Underlying drainage influenced species composition, while variation in the impacts of large disturbance regulated relative species abundances on different soils.</subfield></datafield><datafield tag="592" ind1=" " ind2=" "><subfield code="a">Publisher supplied data</subfield></datafield><datafield tag="593" ind1=" " ind2=" "><subfield code="a">PubAg article</subfield></datafield><datafield tag="650" ind1=" " ind2="3"><subfield code="a">storm damage</subfield></datafield><datafield tag="650" ind1=" " ind2="3"><subfield code="a">Dacrydium</subfield></datafield><datafield tag="650" ind1=" " ind2="3"><subfield code="a">Dacrycarpus</subfield></datafield><datafield tag="650" ind1=" " ind2="3"><subfield code="a">drainage</subfield></datafield><datafield tag="650" ind1=" " ind2="3"><subfield code="a">saplings</subfield></datafield><datafield tag="650" ind1=" " ind2="3"><subfield code="a">Weinmannia</subfield></datafield><datafield tag="650" ind1=" " ind2="3"><subfield code="a">earthquakes</subfield></datafield><datafield tag="650" ind1=" " ind2="3"><subfield code="a">soil</subfield></datafield><datafield tag="650" ind1=" " ind2="3"><subfield code="a">rain forests</subfield></datafield><datafield tag="650" ind1=" " ind2="3"><subfield code="a">species diversity</subfield></datafield><datafield tag="650" ind1=" " ind2="3"><subfield code="a">canopy gaps</subfield></datafield><datafield tag="650" ind1=" " ind2="3"><subfield code="a">poorly drained soils</subfield></datafield><datafield tag="650" ind1=" " ind2="3"><subfield code="a">Nothofagus fusca</subfield></datafield><datafield tag="650" ind1=" " ind2="3"><subfield code="a">conifers</subfield></datafield><datafield tag="651" ind1=" " ind2="3"><subfield code="a">New Zealand</subfield></datafield><datafield tag="653" ind1=" " ind2="0"><subfield code="a">Environmental gradient</subfield></datafield><datafield tag="653" ind1=" " ind2="0"><subfield code="a">Conifer</subfield></datafield><datafield tag="653" ind1=" " ind2="0"><subfield code="a">Earthquake</subfield></datafield><datafield tag="653" ind1=" " ind2="0"><subfield code="a">Nothofagus</subfield></datafield><datafield tag="653" ind1=" " ind2="0"><subfield code="a">Regeneration strategy</subfield></datafield><datafield tag="653" ind1=" " ind2="0"><subfield code="a">Storm damage</subfield></datafield><datafield tag="653" ind1=" " ind2="0"><subfield code="a">recruitment</subfield></datafield><datafield tag="653" ind1=" " ind2="0"><subfield code="a">Soil drainage</subfield></datafield><datafield tag="653" ind1=" " ind2="0"><subfield code="a">Disturbance history</subfield></datafield><datafield tag="653" ind1=" " ind2="0"><subfield code="a">Species coexistence</subfield></datafield><datafield tag="700" ind1="1" ind2=" "><subfield code="a">Stewart, Glenn H.</subfield><subfield code="e">author</subfield></datafield><datafield tag="700" ind1="1" ind2=" "><subfield code="a">Duncan, Richard P.</subfield><subfield code="e">author</subfield></datafield><datafield tag="700" ind1="1" ind2=" "><subfield code="a">Almond, Peter C.</subfield><subfield code="e">author</subfield><subfield code="u">Agriculture and Life Sciences Division, PO Box 84, Lincoln University, Canterbury, New Zealand</subfield></datafield><datafield tag="773" ind1="0" ind2=" "><subfield code="t">Journal of vegetation science.</subfield><subfield code="g">2005 Aug., v. 16, no. 4 p.423-432</subfield><subfield code="d">Opulus Press</subfield><subfield code="x">1100-9233</subfield><subfield code="7">nnas</subfield></datafield><datafield tag="787" ind1="1" ind2=" "><subfield code="o">islandora_article_repository</subfield></datafield><datafield tag="787" ind1="1" ind2=" "><subfield code="o">product_pubag</subfield></datafield><datafield tag="787" ind1="1" ind2=" "><subfield code="o">(Journal)jnl46820</subfield></datafield><datafield tag="856" ind1="4" ind2="0"><subfield code="u" >http://dx.doi.org/10.1658%2F1100-9233%282005%29%5B0423%3ATRIANZ%5D2.0.CO%3B2</subfield><subfield code="3">Available from publisher's site</subfield></datafield><datafield tag="912" ind1=" " ind2=" "><subfield code="a">Article</subfield></datafield><datafield tag="914" ind1=" " ind2=" "><subfield code="a">Journal:jnl46820</subfield><subfield code="b">1100-9233</subfield><subfield code="c">16</subfield><subfield code="d">4</subfield><subfield code="e">423</subfield></datafield><datafield tag="914" ind1=" " ind2=" "><subfield code="f">Journal of vegetation science</subfield></datafield><datafield tag="916" ind1=" " ind2=" "><subfield code="a">Batch:663</subfield></datafield><datafield tag="917" ind1=" " ind2=" "><subfield code="a">issued</subfield></datafield><datafield tag="918" ind1="2" ind2=" "><subfield code="a">BioOne</subfield><subfield code="e">provider</subfield><subfield code="5">DNAL</subfield></datafield><datafield tag="935" ind1=" " ind2=" "><subfield code="a">IND500651526</subfield><subfield code="9">ExL</subfield></datafield><datafield tag="949" ind1=" " ind2=" "><subfield code="a">2014-10-09</subfield></datafield><datafield tag="953" ind1=" " ind2=" "><subfield code="a">VEGSv16i4-04290045-175015.zip</subfield></datafield><datafield tag="962" ind1=" " ind2=" "><subfield code="a">Batch:663 annotated on 2014-09-16T12:27:54Z</subfield></datafield><datafield tag="962" ind1=" " ind2=" "><subfield code="a">Batch:663 reviewed on 2014-10-08T16:00:02Z</subfield></datafield><datafield tag="962" ind1=" " ind2=" "><subfield code="a">Batch:663 reviewed on 2014-10-09T04:00:02Z</subfield></datafield><datafield tag="974" ind1=" " ind2=" "><subfield code="a">agid:179518</subfield></datafield><datafield tag="983" ind1=" " ind2=" "><subfield code="a">2015-11-27</subfield></datafield><datafield tag="984" ind1=" " ind2=" "><subfield code="a">2015-11-27</subfield></datafield></record>