<record><leader>04012nab a2200673 u 4500</leader><controlfield tag="001">9915892073307426</controlfield><controlfield tag="005">20221116205933.0</controlfield><controlfield tag="008">160705e20708xx |||||o|||||||||||eng||</controlfield><datafield tag="" ind1="7" ind2=" "><subfield code="a">IND605242441</subfield><subfield code="2">DNAL</subfield></datafield><datafield tag="024" ind1="7" ind2=" "><subfield code="a">10.2989/10220119.2.1170726</subfield><subfield code="2">doi</subfield></datafield><datafield tag="035" ind1=" " ind2=" "><subfield code="a">agid:5242441-01nal_inst</subfield></datafield><datafield tag="040" ind1=" " ind2=" "><subfield code="a">AGL</subfield><subfield code="b">eng</subfield><subfield code="c">AGL</subfield></datafield><datafield tag="100" ind1="1" ind2=" "><subfield code="a">Scholtz, Rheinhardt</subfield><subfield code="e">author</subfield><subfield code="u">Scientific Services, South African National Parks, Skukuza, South Africa</subfield></datafield><datafield tag="245" ind1="1" ind2="0"><subfield code="a">Different drivers create spatial vegetation cover and vertical structure in semi-arid African savannas</subfield></datafield><datafield tag="300" ind1=" " ind2=" "><subfield code="a">p. 91-100.</subfield></datafield><datafield tag="520" ind1=" " ind2=" "><subfield code="a">Important drivers of woody cover in African savannas are rainfall, soil and nutrients, and disturbance factors, such as fire and herbivory. However, very little is known about how these drivers influence woody cover at specific height classes. The main aim of this study was to identify which of these drivers are the best predictors of woody cover at three height classes: shrub (0.75–2.5 m), brush (2.5–5.5 m) and tree (&gt;5.5 m). Percent woody cover estimates were collected using a rapid monitoring technique over 1 700 sites in Kruger National Park, South Africa. Geology (basalt and granite), mean annual rainfall, fire frequency and elephant density were analysed as potential drivers of woody cover. Results indicate that mean annual rainfall was negatively associated with shrub cover, fire frequency was negatively associated with brush cover, and elephant density was negatively associated with tree cover. Patterns of woody cover show that while geology influences the spatial distribution of horizontal woody cover, variation in vertical vegetation structure is created and maintained by top-down disturbance. This provides the first documentation of drivers associated with structurally differentiated woody cover at regional scales. Future studies on woody cover in disturbance-driven environments should not ignore vegetation structure.</subfield></datafield><datafield tag="592" ind1=" " ind2=" "><subfield code="a">Publisher supplied data</subfield></datafield><datafield tag="593" ind1=" " ind2=" "><subfield code="a">PubAg article</subfield></datafield><datafield tag="650" ind1=" " ind2="3"><subfield code="a">basalt</subfield></datafield><datafield tag="650" ind1=" " ind2="3"><subfield code="a">granite</subfield></datafield><datafield tag="650" ind1=" " ind2="3"><subfield code="a">herbivores</subfield></datafield><datafield tag="650" ind1=" " ind2="3"><subfield code="a">monitoring</subfield></datafield><datafield tag="650" ind1=" " ind2="3"><subfield code="a">national parks</subfield></datafield><datafield tag="650" ind1=" " ind2="3"><subfield code="a">rain</subfield></datafield><datafield tag="650" ind1=" " ind2="3"><subfield code="a">savannas</subfield></datafield><datafield tag="650" ind1=" " ind2="3"><subfield code="a">shrubs</subfield></datafield><datafield tag="650" ind1=" " ind2="3"><subfield code="a">soil nutrients</subfield></datafield><datafield tag="650" ind1=" " ind2="3"><subfield code="a">trees</subfield></datafield><datafield tag="650" ind1=" " ind2="3"><subfield code="a">vegetation cover</subfield></datafield><datafield tag="650" ind1=" " ind2="3"><subfield code="a">vegetation structure</subfield></datafield><datafield tag="651" ind1=" " ind2="3"><subfield code="a">South Africa</subfield></datafield><datafield tag="653" ind1=" " ind2="0"><subfield code="a">bush thickening</subfield></datafield><datafield tag="653" ind1=" " ind2="0"><subfield code="a">fire</subfield></datafield><datafield tag="653" ind1=" " ind2="0"><subfield code="a">herbivory</subfield></datafield><datafield tag="653" ind1=" " ind2="0"><subfield code="a">protected areas</subfield></datafield><datafield tag="653" ind1=" " ind2="0"><subfield code="a">woody vegetation</subfield></datafield><datafield tag="700" ind1="1" ind2=" "><subfield code="a">Kiker, Gregory A</subfield><subfield code="e">author</subfield><subfield code="u">Department of Agricultural and Biological Engineering, University of Florida, Gainesville, Florida, USA</subfield></datafield><datafield tag="700" ind1="1" ind2=" "><subfield code="a">Duckworth, Gregory D</subfield><subfield code="e">author</subfield><subfield code="u">Department of Statistics, University of Cape Town, Cape Town, South Africa</subfield></datafield><datafield tag="700" ind1="1" ind2=" "><subfield code="a">Scharler, Ursula M</subfield><subfield code="e">author</subfield><subfield code="u">School of Life Sciences, University of Kwazulu-Natal, Durban, South Africa</subfield></datafield><datafield tag="700" ind1="1" ind2=" "><subfield code="a">Mwambi, Henry G</subfield><subfield code="e">author</subfield><subfield code="u">School of Mathematics, Statistics and Computer Science, University of KwaZulu-Natal, Durban, South Africa</subfield></datafield><datafield tag="700" ind1="1" ind2=" "><subfield code="a">Venter, Frederick J</subfield><subfield code="e">author</subfield><subfield code="u">Conservation Management, South African National Parks, Skukuza, South Africa</subfield></datafield><datafield tag="773" ind1="0" ind2=" "><subfield code="t">African journal of range &amp; forage science.</subfield><subfield code="g">2 July 8, v. 33, no. 2 p.91-100</subfield><subfield code="d">Taylor &amp; Francis</subfield><subfield code="x">1727-9380</subfield><subfield code="7">nnas</subfield></datafield><datafield tag="787" ind1="1" ind2=" "><subfield code="o">islandora_article_repository</subfield></datafield><datafield tag="787" ind1="1" ind2=" "><subfield code="o">product_pubag</subfield></datafield><datafield tag="787" ind1="1" ind2=" "><subfield code="o">(Journal)J000000042</subfield></datafield><datafield tag="856" ind1="4" ind2="0"><subfield code="u">http://dx.doi.org/10.2989/10220119.2.1170726</subfield><subfield code="3">Available from publisher's site</subfield></datafield><datafield tag="912" ind1=" " ind2=" "><subfield code="a">Article</subfield></datafield><datafield tag="914" ind1=" " ind2=" "><subfield code="a">Journal:J000000042</subfield><subfield code="b">1727-9380</subfield><subfield code="c">33</subfield><subfield code="d">2</subfield><subfield code="e">91</subfield></datafield><datafield tag="914" ind1=" " ind2=" "><subfield code="f">African journal of range &amp; forage science</subfield></datafield><datafield tag="916" ind1=" " ind2=" "><subfield code="a">Batch:1390</subfield></datafield><datafield tag="917" ind1=" " ind2=" "><subfield code="a">issued</subfield></datafield><datafield tag="918" ind1="2" ind2=" "><subfield code="a">Taylor &amp; Francis Group</subfield><subfield code="e">provider</subfield><subfield code="5">DNAL</subfield></datafield><datafield tag="935" ind1=" " ind2=" "><subfield code="a">IND605242441</subfield><subfield code="9">ExL</subfield></datafield><datafield tag="949" ind1=" " ind2=" "><subfield code="a">2-09-02</subfield></datafield><datafield tag="953" ind1=" " ind2=" "><subfield code="a">tarf20_tarf20.v033.i02_20705174135#8457618.zip</subfield></datafield><datafield tag="962" ind1=" " ind2=" "><subfield code="a">Batch:1390 reviewed on 2-09-02T04:00:02Z</subfield></datafield><datafield tag="974" ind1=" " ind2=" "><subfield code="a">agid:5242441</subfield></datafield><datafield tag="983" ind1=" " ind2=" "><subfield code="a">2-07-05</subfield></datafield><datafield tag="984" ind1=" " ind2=" "><subfield code="a">2-09-02</subfield></datafield></record>