<record><leader>05230nab a2200757 u 4500</leader><controlfield tag="001">9915892111607426</controlfield><controlfield tag="005">20221116210236.0</controlfield><controlfield tag="008">190403e20170901xx |||||o|||||||||||eng||</controlfield><datafield tag="" ind1="7" ind2=" "><subfield code="a">IND605692561</subfield><subfield code="2">DNAL</subfield></datafield><datafield tag="024" ind1="7" ind2=" "><subfield code="a">10.1/j.foreco.2017.05.021</subfield><subfield code="2">doi</subfield></datafield><datafield tag="035" ind1=" " ind2=" "><subfield code="a">agid:5692561-01nal_inst</subfield></datafield><datafield tag="040" ind1=" " ind2=" "><subfield code="a">AGL</subfield><subfield code="b">eng</subfield><subfield code="c">AGL</subfield></datafield><datafield tag="100" ind1="1" ind2=" "><subfield code="a">San-Miguel, Ignacio</subfield><subfield code="e">author</subfield><subfield code="u">Integrated Remote Sensing Studio, Department of Forest Resources Management, University of British Columbia, 2424 Main Mall, Vancouver, BC V6T 1Z4, Canada</subfield></datafield><datafield tag="245" ind1="1" ind2="0"><subfield code="a">Characterizing historical fire patterns as a guide for harvesting planning using landscape metrics derived from long term satellite imagery</subfield></datafield><datafield tag="300" ind1=" " ind2=" "><subfield code="a">p. 155-165.</subfield></datafield><datafield tag="520" ind1=" " ind2=" "><subfield code="a">Forest managers across the Canadian boreal require detailed fire pattern information to support disturbance-based management. However, there are no consistent classifications of post-fire patterns, and those that exist rely on field-data that is both expensive and lacking in spatial representation. As a result, across the managed boreal forest there is limited fire pattern information, no standardized protocols to derive the quantitative fire pattern information nor agreement on the most appropriate metrics needed to implement management planning based on emulating natural disturbances. In this paper we first derived three classes of tree mortality based on Landsat spectral data and aerially photo-interpreted (API) polygons. Next we used these derived classes to compute seven fire pattern metrics over 14 fires that occurred from 1984 to 2006 in the Canadian provinces of Alberta and Saskatchewan, Canada. We then compared the metrics derived from the Landsat data to those computed from the API coverage. Lastly, we assessed the influence of a suite of environmental and fire pattern variables on the Landsat-derived indices. Overall we found very close correspondence for the two event-scale indices: the total area affected by fire and the complexity of the perimeter. The more detailed within-fire event metrics presented more varied results and were somewhat less precise. For example, the total amount of residuals or the largest disturbed patch were accurately captured. Other indices such as the number of disturbed patches or total amount of island remnants presented moderate systematic biases, but still might be serviceable given that the biases were predictable in direction. Fire size and seasonal drought variables were the most correlated with the Landsat derived pattern indices and their inclusion as model variables is likely to increase overall prediction accuracy. A pan-boreal geospatial database of detailed fire pattern metrics would be an invaluable tool to support the implementation of disturbance-based management approaches. Here we demonstrate that a cost-effective Landsat methods produces comparable fire pattern information to conventional approaches based on manual interpretation of aerial photographs. Building upon the standardized methods proposed here hundreds of fires could be mapped, to potentially, create a comprehensive national fire pattern database.</subfield></datafield><datafield tag="592" ind1=" " ind2=" "><subfield code="a">Publisher supplied data</subfield></datafield><datafield tag="593" ind1=" " ind2=" "><subfield code="a">PubAg article</subfield></datafield><datafield tag="650" ind1=" " ind2="3"><subfield code="a">Landsat</subfield></datafield><datafield tag="650" ind1=" " ind2="3"><subfield code="a">aerial photography</subfield></datafield><datafield tag="650" ind1=" " ind2="3"><subfield code="a">boreal forests</subfield></datafield><datafield tag="650" ind1=" " ind2="3"><subfield code="a">cost effectiveness</subfield></datafield><datafield tag="650" ind1=" " ind2="3"><subfield code="a">databases</subfield></datafield><datafield tag="650" ind1=" " ind2="3"><subfield code="a">drought</subfield></datafield><datafield tag="650" ind1=" " ind2="3"><subfield code="a">fire behavior</subfield></datafield><datafield tag="650" ind1=" " ind2="3"><subfield code="a">forest fires</subfield></datafield><datafield tag="650" ind1=" " ind2="3"><subfield code="a">harvesting</subfield></datafield><datafield tag="650" ind1=" " ind2="3"><subfield code="a">landscapes</subfield></datafield><datafield tag="650" ind1=" " ind2="3"><subfield code="a">managers</subfield></datafield><datafield tag="650" ind1=" " ind2="3"><subfield code="a">models</subfield></datafield><datafield tag="650" ind1=" " ind2="3"><subfield code="a">planning</subfield></datafield><datafield tag="650" ind1=" " ind2="3"><subfield code="a">prediction</subfield></datafield><datafield tag="650" ind1=" " ind2="3"><subfield code="a">remote sensing</subfield></datafield><datafield tag="650" ind1=" " ind2="3"><subfield code="a">spatial data</subfield></datafield><datafield tag="650" ind1=" " ind2="3"><subfield code="a">spectral analysis</subfield></datafield><datafield tag="650" ind1=" " ind2="3"><subfield code="a">standard operating procedures</subfield></datafield><datafield tag="650" ind1=" " ind2="3"><subfield code="a">tree mortality</subfield></datafield><datafield tag="651" ind1=" " ind2="3"><subfield code="a">Alberta</subfield></datafield><datafield tag="651" ind1=" " ind2="3"><subfield code="a">Saskatchewan</subfield></datafield><datafield tag="653" ind1=" " ind2="0"><subfield code="a">Harvesting</subfield></datafield><datafield tag="653" ind1=" " ind2="0"><subfield code="a">Fire emulation</subfield></datafield><datafield tag="653" ind1=" " ind2="0"><subfield code="a">Historical range of variability</subfield></datafield><datafield tag="653" ind1=" " ind2="0"><subfield code="a">Patch metrics</subfield></datafield><datafield tag="653" ind1=" " ind2="0"><subfield code="a">Fire patterns</subfield></datafield><datafield tag="653" ind1=" " ind2="0"><subfield code="a">Landsat sensor</subfield></datafield><datafield tag="700" ind1="1" ind2=" "><subfield code="a">Andison, David W.</subfield><subfield code="e">author</subfield><subfield code="u">Bandaloop Landscape-Ecosystem Services, 1011 Hendecourt Road, North Vancouver, BC V7K 2X3, Canada</subfield></datafield><datafield tag="700" ind1="1" ind2=" "><subfield code="a">Coops, Nicholas C.</subfield><subfield code="e">author</subfield><subfield code="u">Integrated Remote Sensing Studio, Department of Forest Resources Management, University of British Columbia, 2424 Main Mall, Vancouver, BC V6T 1Z4, Canada</subfield></datafield><datafield tag="773" ind1="0" ind2=" "><subfield code="t">Forest ecology and management.</subfield><subfield code="g">2017 Sept. 01, v. 399 p.155-165</subfield><subfield code="d">Elsevier B.V.</subfield><subfield code="w">Journal:jnl9013</subfield><subfield code="x">0378-1127</subfield><subfield code="7">nnas</subfield></datafield><datafield tag="787" ind1="1" ind2=" "><subfield code="o">islandora_article_repository</subfield></datafield><datafield tag="787" ind1="1" ind2=" "><subfield code="o">product_pubag</subfield></datafield><datafield tag="787" ind1="1" ind2=" "><subfield code="o">(Journal)jnl9013</subfield></datafield><datafield tag="856" ind1="4" ind2="0"><subfield code="u">https://dx.doi.org/10.1/j.foreco.2017.05.021</subfield><subfield code="3">Available from publisher's site</subfield></datafield><datafield tag="912" ind1=" " ind2=" "><subfield code="a">Article</subfield></datafield><datafield tag="914" ind1=" " ind2=" "><subfield code="a">Journal:jnl9013</subfield><subfield code="b">0378-1127</subfield></datafield><datafield tag="914" ind1=" " ind2=" "><subfield code="f">Forest ecology and management</subfield></datafield><datafield tag="916" ind1=" " ind2=" "><subfield code="a">Batch:1703</subfield></datafield><datafield tag="917" ind1=" " ind2=" "><subfield code="a">issued</subfield></datafield><datafield tag="918" ind1="2" ind2=" "><subfield code="a">Elsevier Consyn</subfield><subfield code="e">provider</subfield><subfield code="5">DNAL</subfield></datafield><datafield tag="935" ind1=" " ind2=" "><subfield code="a">IND605692561</subfield><subfield code="9">ExL</subfield></datafield><datafield tag="949" ind1=" " ind2=" "><subfield code="a">2019-04-03</subfield></datafield><datafield tag="953" ind1=" " ind2=" "><subfield code="a" >/data/metadata/incoming/consyn-backfiles/46-2-00065-HEAD-ONLY.zip</subfield></datafield><datafield tag="954" ind1=" " ind2=" "><subfield code="a" >file:/data/metadata/staging/consyn-backfiles/S0378112716312178.xml</subfield></datafield><datafield tag="955" ind1=" " ind2=" "><subfield code="a">/data/metadata/staging/consyn-backfiles/</subfield></datafield><datafield tag="974" ind1=" " ind2=" "><subfield code="a">agid:5692561</subfield></datafield><datafield tag="983" ind1=" " ind2=" "><subfield code="a">2019-04-03</subfield></datafield><datafield tag="984" ind1=" " ind2=" "><subfield code="a">2019-04-03</subfield></datafield></record>