<record><leader>16576nab a2269 u 4500</leader><controlfield tag="001">9915892223507426</controlfield><controlfield tag="005">20221116215219.0</controlfield><controlfield tag="008">220729e202207 xx |||||o|||||||||||eng||</controlfield><datafield tag="" ind1="7" ind2=" "><subfield code="a">IND607858863</subfield><subfield code="2">DNAL</subfield></datafield><datafield tag="024" ind1="7" ind2=" "><subfield code="a">10.1002/ecs2.4159</subfield><subfield code="2">doi</subfield></datafield><datafield tag="035" ind1=" " ind2=" "><subfield code="a">agid:7858863-01nal_inst</subfield></datafield><datafield tag="040" ind1=" " ind2=" "><subfield code="a">AGL</subfield><subfield code="b">eng</subfield><subfield code="c">AGL</subfield></datafield><datafield tag="100" ind1="1" ind2=" "><subfield code="a">Margolis, Ellis Q.</subfield><subfield code="e">author</subfield><subfield code="u">New Mexico Landscapes Field Station, U.S. Geological Survey, Fort Collins Science Center, Santa Fe, New Mexico, USA</subfield><subfield code="1">https://orcid.org/0000-0002-0595-9005</subfield></datafield><datafield tag="245" ind1="1" ind2="4"><subfield code="a">The North American tree‐ring fire‐scar network</subfield></datafield><datafield tag="500" ind1=" " ind2=" "><subfield code="a">JOURNAL ARTICLE</subfield></datafield><datafield tag="520" ind1=" " ind2=" "><subfield code="a">Fire regimes in North American forests are diverse and modern fire records are often too short to capture important patterns, trends, feedbacks, and drivers of variability. Tree‐ring fire scars provide valuable perspectives on fire regimes, including centuries‐long records of fire year, season, frequency, severity, and size. Here, we introduce the newly compiled North American tree‐ring fire‐scar network (NAFSN), which contains 2562 sites, &gt;37,000 fire‐scarred trees, and covers large parts of North America. We investigate the NAFSN in terms of geography, sample depth, vegetation, topography, climate, and human land use. Fire scars are found in most ecoregions, from boreal forests in northern Alaska and Canada to subtropical forests in southern Florida and Mexico. The network includes 91 tree species, but is dominated by gymnosperms in the genus Pinus. Fire scars are found from sea level to &gt;4000‐m elevation and across a range of topographic settings that vary by ecoregion. Multiple regions are densely sampled (e.g., &gt;1000 fire‐scarred trees), enabling new spatial analyses such as reconstructions of area burned. To demonstrate the potential of the network, we compared the climate space of the NAFSN to those of modern fires and forests; the NAFSN spans a climate space largely representative of the forested areas in North America, with notable gaps in warmer tropical climates. Modern fires are burning in similar climate spaces as historical fires, but disproportionately in warmer regions compared to the historical record, possibly related to under‐sampling of warm subtropical forests or supporting observations of changing fire regimes. The historical influence of Indigenous and non‐Indigenous human land use on fire regimes varies in space and time. A 20th century fire deficit associated with human activities is evident in many regions, yet fire regimes characterized by frequent surface fires are still active in some areas (e.g., Mexico and the southeastern United States). These analyses provide a foundation and framework for future studies using the hundreds of thousands of annually‐ to sub‐annually‐resolved tree‐ring records of fire spanning centuries, which will further advance our understanding of the interactions among fire, climate, topography, vegetation, and humans across North America.</subfield></datafield><datafield tag="592" ind1=" " ind2=" "><subfield code="a">Publisher supplied data</subfield></datafield><datafield tag="593" ind1=" " ind2=" "><subfield code="a">PubAg article</subfield></datafield><datafield tag="596" ind1=" " ind2=" "><subfield code="c">U.S. Geological Survey</subfield></datafield><datafield tag="596" ind1=" " ind2=" "><subfield code="c">Fonds de Recherche du Québec—Nature et Technologies</subfield></datafield><datafield tag="596" ind1=" " ind2=" "><subfield code="c">International Research Network on Cold Forests</subfield></datafield><datafield tag="650" ind1=" " ind2="3"><subfield code="a">Pinus</subfield></datafield><datafield tag="650" ind1=" " ind2="3"><subfield code="a">ecoregions</subfield></datafield><datafield tag="650" ind1=" " ind2="3"><subfield code="a">geography</subfield></datafield><datafield tag="650" ind1=" " ind2="3"><subfield code="a">growth rings</subfield></datafield><datafield tag="650" ind1=" " ind2="3"><subfield code="a">historical records</subfield></datafield><datafield tag="650" ind1=" " ind2="3"><subfield code="a">humans</subfield></datafield><datafield tag="650" ind1=" " ind2="3"><subfield code="a">land use</subfield></datafield><datafield tag="650" ind1=" " ind2="3"><subfield code="a">sea level</subfield></datafield><datafield tag="650" ind1=" " ind2="3"><subfield code="a">space and time</subfield></datafield><datafield tag="650" ind1=" " ind2="3"><subfield code="a">topography</subfield></datafield><datafield tag="650" ind1=" " ind2="3"><subfield code="a">trees</subfield></datafield><datafield tag="651" ind1=" " ind2="3"><subfield code="a">Alaska</subfield></datafield><datafield tag="651" ind1=" " ind2="3"><subfield code="a">Canada</subfield></datafield><datafield tag="651" ind1=" " ind2="3"><subfield code="a">Florida</subfield></datafield><datafield tag="651" ind1=" " ind2="3"><subfield code="a">Mexico</subfield></datafield><datafield tag="700" ind1="1" ind2=" "><subfield code="a">Guiterman, Christopher H.</subfield><subfield code="e">author</subfield><subfield code="u">Laboratory of Tree‐Ring Research, University of Arizona, Tucson, Arizona, USA</subfield><subfield code="1">https://orcid.org/0000-0002-9706-9332</subfield></datafield><datafield tag="700" ind1="1" ind2=" "><subfield code="a">Chavardès, Raphaël D.</subfield><subfield code="e">author</subfield><subfield code="u">Institut de recherche sur les forêts, Université du Québec en Abitibi‐Témiscamingue, Rouyn‐Noranda, Québec, Canada</subfield></datafield><datafield tag="700" ind1="1" ind2=" "><subfield code="a">Coop, Jonathan D.</subfield><subfield code="e">author</subfield><subfield code="u">School of Environment and Sustainability, Western Colorado University, Gunnison, Colorado, USA</subfield><subfield code="1">https://orcid.org/0000-0002-3930-340X</subfield></datafield><datafield tag="700" ind1="1" ind2=" "><subfield code="a">Copes‐Gerbitz, Kelsey</subfield><subfield code="e">author</subfield><subfield code="u">Department of Forest and Conservation Sciences, Faculty of Forestry, University of British Columbia, Vancouver, British Columbia, Canada</subfield><subfield code="1">https://orcid.org/0000-0003-0031-6964</subfield></datafield><datafield tag="700" ind1="1" ind2=" "><subfield code="a">Dawe, Denyse A.</subfield><subfield code="e">author</subfield><subfield code="u">Northern Forestry Centre, Canadian Forest Service, Edmonton, Alberta, Canada</subfield><subfield code="1">https://orcid.org/0000-0002-2790-4523</subfield></datafield><datafield tag="700" ind1="1" ind2=" "><subfield code="a">Falk, Donald A.</subfield><subfield code="e">author</subfield><subfield code="u">Laboratory of Tree‐Ring Research, University of Arizona, Tucson, Arizona, USA</subfield></datafield><datafield tag="700" ind1="1" ind2=" "><subfield code="a">Johnston, James D.</subfield><subfield code="e">author</subfield><subfield code="u">College of Forestry, Oregon State University, Corvallis, Oregon, USA</subfield></datafield><datafield tag="700" ind1="1" ind2=" "><subfield code="a">Larson, Evan</subfield><subfield code="e">author</subfield><subfield code="u">Department of Environmental Sciences and Society, University of Wisconsin‐Platteville, Platteville, Wisconsin, USA</subfield></datafield><datafield tag="700" ind1="1" ind2=" "><subfield code="a">Li, Hang</subfield><subfield code="e">author</subfield><subfield code="u">Department of Earth and Environmental Systems, Indiana State University, Terre Haute, Indiana, USA</subfield></datafield><datafield tag="700" ind1="1" ind2=" "><subfield code="a">Marschall, Joseph M.</subfield><subfield code="e">author</subfield><subfield code="u">School of Natural Resources, University of Missouri, Columbia, Missouri, USA</subfield></datafield><datafield tag="700" ind1="1" ind2=" "><subfield code="a">Naficy, Cameron E.</subfield><subfield code="e">author</subfield><subfield code="u">College of Forestry, Oregon State University, Corvallis, Oregon, USA</subfield></datafield><datafield tag="700" ind1="1" ind2=" "><subfield code="a">Naito, Adam T.</subfield><subfield code="e">author</subfield><subfield code="u">Department of Earth, Environmental, and Geographical Sciences, Northern Michigan University, Marquette, Michigan, USA</subfield></datafield><datafield tag="700" ind1="1" ind2=" "><subfield code="a">Parisien, Marc‐André</subfield><subfield code="e">author</subfield><subfield code="u">Northern Forestry Centre, Canadian Forest Service, Natural Resources Canada, Edmonton, Alberta, Canada</subfield><subfield code="1">https://orcid.org/0000-0002-8158-7434</subfield></datafield><datafield tag="700" ind1="1" ind2=" "><subfield code="a">Parks, Sean A.</subfield><subfield code="e">author</subfield><subfield code="u">Aldo Leopold Wilderness Research Institute, Rocky Mountain Research Station, US Forest Service, Missoula, Montana, USA</subfield><subfield code="1">https://orcid.org/0000-0002-2982-5255</subfield></datafield><datafield tag="700" ind1="1" ind2=" "><subfield code="a">Portier, Jeanne</subfield><subfield code="e">author</subfield><subfield code="u">Forest Resources and Management, Swiss Federal Institute for Forest, Snow and Landscape Research WSL, Birmensdorf, Switzerland</subfield></datafield><datafield tag="700" ind1="1" ind2=" "><subfield code="a">Poulos, Helen M.</subfield><subfield code="e">author</subfield><subfield code="u">College of the Environment, Wesleyan University, Middletown, Connecticut, USA</subfield><subfield code="1">https://orcid.org/0000-0003-0686-9770</subfield></datafield><datafield tag="700" ind1="1" ind2=" "><subfield code="a">Robertson, Kevin M.</subfield><subfield code="e">author</subfield><subfield code="u">Tall Timbers Research Station, Tallahassee, Florida, USA</subfield><subfield code="1">https://orcid.org/0000-0001-7266-6272</subfield></datafield><datafield tag="700" ind1="1" ind2=" "><subfield code="a">Speer, James H.</subfield><subfield code="e">author</subfield><subfield code="u">Department of Earth and Environmental Systems, Indiana State University, Terre Haute, Indiana, USA</subfield></datafield><datafield tag="700" ind1="1" ind2=" "><subfield code="a">Stambaugh, Michael</subfield><subfield code="e">author</subfield><subfield code="u">School of Natural Resources, University of Missouri, Columbia, Missouri, USA</subfield></datafield><datafield tag="700" ind1="1" ind2=" "><subfield code="a">Swetnam, Thomas W.</subfield><subfield code="e">author</subfield><subfield code="u">Laboratory of Tree‐Ring Research, University of Arizona, Tucson, Arizona, USA</subfield></datafield><datafield tag="700" ind1="1" ind2=" "><subfield code="a">Tepley, Alan J.</subfield><subfield code="e">author</subfield><subfield code="u">Canadian Forest Service, Northern Forestry Centre, Edmonton, Alberta, Canada</subfield><subfield code="1">https://orcid.org/0000-0002-5701-9613</subfield></datafield><datafield tag="700" ind1="1" ind2=" "><subfield code="a">Thapa, Ichchha</subfield><subfield code="e">author</subfield><subfield code="u">Department of Earth and Environmental Systems, Indiana State University, Terre Haute, Indiana, USA</subfield></datafield><datafield tag="700" ind1="1" ind2=" "><subfield code="a">Allen, Craig D.</subfield><subfield code="e">author</subfield><subfield code="u">Department of Geography and Environmental Studies, University of New Mexico, Albuquerque, New Mexico, USA</subfield></datafield><datafield tag="700" ind1="1" ind2=" "><subfield code="a">Bergeron, Yves</subfield><subfield code="e">author</subfield><subfield code="u">Institut de recherche sur les forêts, Université du Québec en Abitibi‐Témiscamingue, Rouyn‐Noranda, Québec, Canada</subfield></datafield><datafield tag="700" ind1="1" ind2=" "><subfield code="a">Daniels, Lori D.</subfield><subfield code="e">author</subfield><subfield code="u">Department of Forest and Conservation Sciences, Faculty of Forestry, University of British Columbia, Vancouver, British Columbia, Canada</subfield></datafield><datafield tag="700" ind1="1" ind2=" "><subfield code="a">Fulé, Peter Z.</subfield><subfield code="e">author</subfield><subfield code="u">School of Forestry, Northern Arizona University, Flagstaff, Arizona, USA</subfield><subfield code="1">https://orcid.org/0000-0002-8469-0621</subfield></datafield><datafield tag="700" ind1="1" ind2=" "><subfield code="a">Gervais, David</subfield><subfield code="e">author</subfield><subfield code="u">Canadian Forest Service, Natural Resources Canada, Québec, Québec, Canada</subfield></datafield><datafield tag="700" ind1="1" ind2=" "><subfield code="a">Girardin, Martin P.</subfield><subfield code="e">author</subfield><subfield code="u">Canadian Forest Service, Natural Resources Canada, Québec, Québec, Canada</subfield></datafield><datafield tag="700" ind1="1" ind2=" "><subfield code="a">Harley, Grant L.</subfield><subfield code="e">author</subfield><subfield code="u">Department of Earth and Spatial Sciences, University of Idaho, Moscow, Idaho, USA</subfield></datafield><datafield tag="700" ind1="1" ind2=" "><subfield code="a">Harvey, Jill E.</subfield><subfield code="e">author</subfield><subfield code="u">Department of Natural Resource Science, Thompson Rivers University, Kamloops, British Columbia, Canada</subfield></datafield><datafield tag="700" ind1="1" ind2=" "><subfield code="a">Hoffman, Kira M.</subfield><subfield code="e">author</subfield><subfield code="u">Department of Forest and Conservation Sciences, Faculty of Forestry, University of British Columbia, Vancouver, British Columbia, Canada</subfield><subfield code="1">https://orcid.org/0000-0001-8896-2797</subfield></datafield><datafield tag="700" ind1="1" ind2=" "><subfield code="a">Huffman, Jean M.</subfield><subfield code="e">author</subfield><subfield code="u">Tall Timbers Research Station, Tallahassee, Florida, USA</subfield></datafield><datafield tag="700" ind1="1" ind2=" "><subfield code="a">Hurteau, Matthew D.</subfield><subfield code="e">author</subfield><subfield code="u">Department of Biology, University of New Mexico, Albuquerque, New Mexico, USA</subfield><subfield code="1">https://orcid.org/0000-0001-8457-8974</subfield></datafield><datafield tag="700" ind1="1" ind2=" "><subfield code="a">Johnson, Lane B.</subfield><subfield code="e">author</subfield><subfield code="u">Cloquet Forestry Center, University of Minnesota, Cloquet, Minnesota, USA</subfield></datafield><datafield tag="700" ind1="1" ind2=" "><subfield code="a">Lafon, Charles W.</subfield><subfield code="e">author</subfield><subfield code="u">Department of Geography, Texas A&amp;M University, College Station, Texas, USA</subfield></datafield><datafield tag="700" ind1="1" ind2=" "><subfield code="a">Lopez, Manuel K.</subfield><subfield code="e">author</subfield><subfield code="u">New Mexico Landscapes Field Station, U.S. Geological Survey, Fort Collins Science Center, Santa Fe, New Mexico, USA</subfield></datafield><datafield tag="700" ind1="1" ind2=" "><subfield code="a">Maxwell, R. Stockton</subfield><subfield code="e">author</subfield><subfield code="u">Department of Geospatial Science, Radford University, Radford, Virginia, USA</subfield></datafield><datafield tag="700" ind1="1" ind2=" "><subfield code="a">Meunier, Jed</subfield><subfield code="e">author</subfield><subfield code="u">Division of Forestry, Wisconsin Department of Natural Resources, Madison, Wisconsin, USA</subfield></datafield><datafield tag="700" ind1="1" ind2=" "><subfield code="a">North, Malcolm</subfield><subfield code="e">author</subfield><subfield code="u">USFS PSW Research Station, Mammoth Lakes, California, USA</subfield><subfield code="1">https://orcid.org/0000-0002-9090-784X</subfield></datafield><datafield tag="700" ind1="1" ind2=" "><subfield code="a">Rother, Monica T.</subfield><subfield code="e">author</subfield><subfield code="u">Department of Environmental Sciences, University of North Carolina‐Wilmington, Wilmington, North Carolina, USA</subfield></datafield><datafield tag="700" ind1="1" ind2=" "><subfield code="a">Schmidt, Micah R.</subfield><subfield code="e">author</subfield><subfield code="u">College of Forestry, Oregon State University, Corvallis, Oregon, USA</subfield></datafield><datafield tag="700" ind1="1" ind2=" "><subfield code="a">Sherriff, Rosemary L.</subfield><subfield code="e">author</subfield><subfield code="u">Department of Geography, Environment and Spatial Analysis, Humboldt State University, Arcata, California, USA</subfield><subfield code="1">https://orcid.org/0000-0003-1639-203X</subfield></datafield><datafield tag="700" ind1="1" ind2=" "><subfield code="a">Stachowiak, Lauren A.</subfield><subfield code="e">author</subfield><subfield code="u">Department of Geosciences, Eastern Washington University, Cheney, Washington, USA</subfield></datafield><datafield tag="700" ind1="1" ind2=" "><subfield code="a">Taylor, Alan</subfield><subfield code="e">author</subfield><subfield code="u">Department of Geography and Earth and Environmental Systems Institute, The Pennsylvania State University, University Park, Pennsylvania, USA</subfield></datafield><datafield tag="700" ind1="1" ind2=" "><subfield code="a">Taylor, Erana J.</subfield><subfield code="e">author</subfield><subfield code="u">Laboratory of Tree‐Ring Research, University of Arizona, Tucson, Arizona, USA</subfield></datafield><datafield tag="700" ind1="1" ind2=" "><subfield code="a">Trouet, Valerie</subfield><subfield code="e">author</subfield><subfield code="u">Laboratory of Tree‐Ring Research, University of Arizona, Tucson, Arizona, USA</subfield></datafield><datafield tag="700" ind1="1" ind2=" "><subfield code="a">Villarreal, Miguel L.</subfield><subfield code="e">author</subfield><subfield code="u">U.S. Geological Survey, Western Geographic Science Center, Moffett Field, California, USA</subfield></datafield><datafield tag="700" ind1="1" ind2=" "><subfield code="a">Yocom, Larissa L.</subfield><subfield code="e">author</subfield><subfield code="u">Department of Wildland Resources and the Ecology Center, Utah State University, Logan, Utah, USA</subfield></datafield><datafield tag="700" ind1="1" ind2=" "><subfield code="a">Arabas, Karen B.</subfield><subfield code="e">author</subfield><subfield code="u">Department of Environmental Science, Willamette University, Salem, Oregon, USA</subfield></datafield><datafield tag="700" ind1="1" ind2=" "><subfield code="a">Arizpe, Alexis H.</subfield><subfield code="e">author</subfield><subfield code="u">Gregor Mendel Institute, Austrian Academy of Sciences, Vienna BioCenter, Vienna, Austria</subfield></datafield><datafield tag="700" ind1="1" ind2=" "><subfield code="a">Arseneault, Dominique</subfield><subfield code="e">author</subfield><subfield code="u">Département de Biologie, Chimie et Géographie, Université du Québec à Rimouski, Rimouski, Quebec, Canada</subfield><subfield code="1">https://orcid.org/0000-0002-3419-2480</subfield></datafield><datafield tag="700" ind1="1" ind2=" "><subfield code="a">Tarancón, Alicia Azpeleta</subfield><subfield code="e">author</subfield><subfield code="u">School of Forestry, Northern Arizona University, Flagstaff, Arizona, USA</subfield></datafield><datafield tag="700" ind1="1" ind2=" "><subfield code="a">Baisan, Christopher</subfield><subfield code="e">author</subfield><subfield code="u">Laboratory of Tree‐Ring Research, University of Arizona, Tucson, Arizona, USA</subfield></datafield><datafield tag="700" ind1="1" ind2=" "><subfield code="a">Bigio, Erica</subfield><subfield code="e">author</subfield><subfield code="u">Department of Natural Resources and Environmental Science, University of Nevada, Reno, Reno, Nevada, USA</subfield></datafield><datafield tag="700" ind1="1" ind2=" "><subfield code="a">Biondi, Franco</subfield><subfield code="e">author</subfield><subfield code="u">Department of Natural Resources and Environmental Science, University of Nevada, Reno, Reno, Nevada, USA</subfield><subfield code="1">https://orcid.org/0000-0003-0651-104X</subfield></datafield><datafield tag="700" ind1="1" ind2=" "><subfield code="a">Cahalan, Gabriel D.</subfield><subfield code="e">author</subfield><subfield code="u">The Nature Conservancy, Bethesda, Maryland, USA</subfield></datafield><datafield tag="700" ind1="1" ind2=" "><subfield code="a">Caprio, Anthony</subfield><subfield code="e">author</subfield><subfield code="u">Sequoia &amp; Kings Canyon National Parks, Three Rivers, California, USA</subfield></datafield><datafield tag="700" ind1="1" ind2=" "><subfield code="a">Cerano‐Paredes, Julián</subfield><subfield code="e">author</subfield><subfield code="u">CENID‐RASPA INIFAP, Durango, Mexico</subfield></datafield><datafield tag="700" ind1="1" ind2=" "><subfield code="a">Collins, Brandon M.</subfield><subfield code="e">author</subfield><subfield code="u">Center for Fire Research and Outreach, University of California, Berkeley, California, USA</subfield></datafield><datafield tag="700" ind1="1" ind2=" "><subfield code="a">Dey, Daniel C.</subfield><subfield code="e">author</subfield><subfield code="u">US Forest Service, Northern Research Station, Columbia, Missouri, USA</subfield></datafield><datafield tag="700" ind1="1" ind2=" "><subfield code="a">Drobyshev, Igor</subfield><subfield code="e">author</subfield><subfield code="u">Swedish Agricultural University, Southern Swedish Research Centre, Uppsala, Sweden</subfield></datafield><datafield tag="700" ind1="1" ind2=" "><subfield code="a">Farris, Calvin</subfield><subfield code="e">author</subfield><subfield code="u">National Park Service, Klamath Falls, Oregon, USA</subfield></datafield><datafield tag="700" ind1="1" ind2=" "><subfield code="a">Fenwick, M. Adele</subfield><subfield code="e">author</subfield><subfield code="u">University of New Hampshire, Durham, New Hampshire, USA</subfield></datafield><datafield tag="700" ind1="1" ind2=" "><subfield code="a">Flatley, William</subfield><subfield code="e">author</subfield><subfield code="u">Department of Geography, University of Central Arkansas, Conway, Arkansas, USA</subfield></datafield><datafield tag="700" ind1="1" ind2=" "><subfield code="a">Floyd, M. Lisa</subfield><subfield code="e">author</subfield><subfield code="u">Natural History Institute, Prescott, Arizona, USA</subfield></datafield><datafield tag="700" ind1="1" ind2=" "><subfield code="a">Gedalof, Ze'ev</subfield><subfield code="e">author</subfield><subfield code="u">Department of Geography, Environment and Geomatics, University of Guelph, Guelph, Ontario, Canada</subfield></datafield><datafield tag="700" ind1="1" ind2=" "><subfield code="a">Holz, Andres</subfield><subfield code="e">author</subfield><subfield code="u">Department of Geography, Portland State University, Portland, Oregon, USA</subfield><subfield code="1">https://orcid.org/0000-0002-8587-2603</subfield></datafield><datafield tag="700" ind1="1" ind2=" "><subfield code="a">Howard, Lauren F.</subfield><subfield code="e">author</subfield><subfield code="u">Department of Biology, Arcadia University, Glenside, Pennsylvania, USA</subfield></datafield><datafield tag="700" ind1="1" ind2=" "><subfield code="a">Huffman, David W.</subfield><subfield code="e">author</subfield><subfield code="u">Ecological Restoration Institute, Northern Arizona University, Flagstaff, Arizona, USA</subfield><subfield code="1">https://orcid.org/0000-0001-6547-7107</subfield></datafield><datafield tag="700" ind1="1" ind2=" "><subfield code="a">Iniguez, Jose</subfield><subfield code="e">author</subfield><subfield code="u">USDA Forest Service, Rocky Mountain Research Station, Flagstaff, Arizona, USA</subfield></datafield><datafield tag="700" ind1="1" ind2=" "><subfield code="a">Kipfmueller, Kurt F.</subfield><subfield code="e">author</subfield><subfield code="u">Department of Geography, Environment, and Society, University of Minnesota, Minneapolis, Minnesota, USA</subfield></datafield><datafield tag="700" ind1="1" ind2=" "><subfield code="a">Kitchen, Stanley G.</subfield><subfield code="e">author</subfield><subfield code="u">USDA Forest Service, Rocky Mountain Research Station, Provo, Utah, USA</subfield></datafield><datafield tag="700" ind1="1" ind2=" "><subfield code="a">Lombardo, Keith</subfield><subfield code="e">author</subfield><subfield code="u">Southern California Research Learning Center, San Diego, California, USA</subfield></datafield><datafield tag="700" ind1="1" ind2=" "><subfield code="a">McKenzie, Donald</subfield><subfield code="e">author</subfield><subfield code="u">School of Environmental and Forest Sciences, University of Washington, Seattle, Washington, USA</subfield></datafield><datafield tag="700" ind1="1" ind2=" "><subfield code="a">Merschel, Andrew G.</subfield><subfield code="e">author</subfield><subfield code="u">College of Forestry, Oregon State University, Corvallis, Oregon, USA</subfield></datafield><datafield tag="700" ind1="1" ind2=" "><subfield code="a">Metlen, Kerry L.</subfield><subfield code="e">author</subfield><subfield code="u">The Nature Conservancy, Ashland, Oregon, USA</subfield></datafield><datafield tag="700" ind1="1" ind2=" "><subfield code="a">Minor, Jesse</subfield><subfield code="e">author</subfield><subfield code="u">University of Maine System, Farmington, Maine, USA</subfield></datafield><datafield tag="700" ind1="1" ind2=" "><subfield code="a">O'Connor, Christopher D.</subfield><subfield code="e">author</subfield><subfield code="u">Forestry Sciences Laboratory, Rocky Mountain Research Station, USDA Forest Service, Missoula, Montana, USA</subfield></datafield><datafield tag="700" ind1="1" ind2=" "><subfield code="a">Platt, Laura</subfield><subfield code="e">author</subfield><subfield code="u">Department of Geography, Portland State University, Portland, Oregon, USA</subfield></datafield><datafield tag="700" ind1="1" ind2=" "><subfield code="a">Platt, William J.</subfield><subfield code="e">author</subfield><subfield code="u">Department of Biological Sciences, Louisiana State University, Baton Rouge, Louisiana, USA</subfield></datafield><datafield tag="700" ind1="1" ind2=" "><subfield code="a">Saladyga, Thomas</subfield><subfield code="e">author</subfield><subfield code="u">Department of Physical and Environmental Sciences, Concord University, Athens, West Virginia, USA</subfield></datafield><datafield tag="700" ind1="1" ind2=" "><subfield code="a">Stan, Amanda B.</subfield><subfield code="e">author</subfield><subfield code="u">Department of Geography, Planning and Recreation, Northern Arizona University, Flagstaff, Arizona, USA</subfield></datafield><datafield tag="700" ind1="1" ind2=" "><subfield code="a">Stephens, Scott</subfield><subfield code="e">author</subfield><subfield code="u">Department of Environmental Science, Policy, and Management, University of California, Berkeley, Berkeley, California, USA</subfield></datafield><datafield tag="700" ind1="1" ind2=" "><subfield code="a">Sutheimer, Colleen</subfield><subfield code="e">author</subfield><subfield code="u">Department of Forest and Wildlife Ecology, University of Wisconsin‐Madison, Madison, Wisconsin, USA</subfield><subfield code="1">https://orcid.org/0000-0003-3211-3491</subfield></datafield><datafield tag="700" ind1="1" ind2=" "><subfield code="a">Touchan, Ramzi</subfield><subfield code="e">author</subfield><subfield code="u">Laboratory of Tree‐Ring Research, University of Arizona, Tucson, Arizona, USA</subfield></datafield><datafield tag="700" ind1="1" ind2=" "><subfield code="a">Weisberg, Peter J.</subfield><subfield code="e">author</subfield><subfield code="u">Department of Natural Resources and Environmental Science, University of Nevada, Reno, Reno, Nevada, USA</subfield></datafield><datafield tag="773" ind1="0" ind2=" "><subfield code="t">Ecosphere.</subfield><subfield code="g">2022 July, v. 13, no. 7 p.e4159-</subfield><subfield code="d">John Wiley &amp; Sons, Inc.</subfield><subfield code="w">Journal:12363</subfield><subfield code="x">2150-8925</subfield><subfield code="7">nnas</subfield></datafield><datafield tag="787" ind1="1" ind2=" "><subfield code="o">islandora_article_repository</subfield></datafield><datafield tag="787" ind1="1" ind2=" "><subfield code="o">product_pubag</subfield></datafield><datafield tag="787" ind1="1" ind2=" "><subfield code="o">(Journal)12363</subfield></datafield><datafield tag="856" ind1="4" ind2="0"><subfield code="u">https://dx.doi.org/10.1002/ecs2.4159</subfield><subfield code="3">Available from publisher's site</subfield></datafield><datafield tag="912" ind1=" " ind2=" "><subfield code="a">Article</subfield></datafield><datafield tag="914" ind1=" " ind2=" "><subfield code="a">Journal:12363</subfield><subfield code="b">2150-8925</subfield><subfield code="c">13</subfield><subfield code="d">7</subfield><subfield code="e">e4159</subfield></datafield><datafield tag="914" ind1=" " ind2=" "><subfield code="f">Ecosphere</subfield></datafield><datafield tag="917" ind1=" " ind2=" "><subfield code="a">issued</subfield></datafield><datafield tag="918" ind1="2" ind2=" "><subfield code="a">John Wiley &amp; Sons, Inc</subfield><subfield code="e">provider</subfield><subfield code="5">DNAL</subfield></datafield><datafield tag="935" ind1=" " ind2=" "><subfield code="a">IND607858863</subfield><subfield code="9">ExL</subfield></datafield><datafield tag="949" ind1=" " ind2=" "><subfield code="a">2022-07-29</subfield></datafield><datafield tag="952" ind1=" " ind2=" "><subfield code="d">NAL-AP-2-clean</subfield></datafield><datafield tag="953" ind1=" " ind2=" "><subfield code="a">/data/metadata/incoming/wiley/21508925_2022_13_7.xml</subfield></datafield><datafield tag="954" ind1=" " ind2=" "><subfield code="a">file:/data/metadata/staging/wiley/21508925_2022_13_7.xml</subfield></datafield><datafield tag="955" ind1=" " ind2=" "><subfield code="a">/data/metadata/staging/wiley/</subfield></datafield><datafield tag="961" ind1=" " ind2=" "><subfield code="a">USDA/FS</subfield></datafield><datafield tag="974" ind1=" " ind2=" "><subfield code="a">agid:7858863</subfield></datafield><datafield tag="983" ind1=" " ind2=" "><subfield code="a">2022-07-29</subfield></datafield><datafield tag="984" ind1=" " ind2=" "><subfield code="a">2022-07-29</subfield></datafield></record>