<record><leader>04012nab a2200601 u 4500</leader><controlfield tag="001">9915892673507426</controlfield><controlfield tag="005">20221116215405.0</controlfield><controlfield tag="008">120416e201204 xx |||||o|||||||||||eng||</controlfield><datafield tag="" ind1="7" ind2=" "><subfield code="a">IND44748937</subfield><subfield code="2">DNAL</subfield></datafield><datafield tag="024" ind1="7" ind2=" "><subfield code="a">10.1007/s11258-012-0021-9</subfield><subfield code="2">doi</subfield></datafield><datafield tag="035" ind1=" " ind2=" "><subfield code="a">agid:403752-01nal_inst</subfield></datafield><datafield tag="040" ind1=" " ind2=" "><subfield code="a">AGL</subfield><subfield code="b">eng</subfield><subfield code="c">AGL</subfield></datafield><datafield tag="100" ind1="1" ind2=" "><subfield code="a">Rice, Janine M.</subfield><subfield code="e">author</subfield><subfield code="u">Department of Geosciences, Oregon State University, Corvallis, OR, 97331, USA, j9rice@hotmail.com</subfield></datafield><datafield tag="245" ind1="1" ind2="0"><subfield code="a">Spatio-temporal patterns of tree establishment are indicative of biotic interactions during early invasion of a montane meadow</subfield></datafield><datafield tag="300" ind1=" " ind2=" "><subfield code="a">p. 555-568.</subfield></datafield><datafield tag="520" ind1=" " ind2=" "><subfield code="a">Tree invasions of grasslands are occurring globally, with profound consequences for ecosystem structure and function. We explore the spatio-temporal dynamics of tree invasion of a montane meadow in the Cascade Mountains of Oregon, where meadow loss is a conservation concern. We examine the early stages of invasion, where extrinsic and intrinsic processes can be clearly delineated. In a 0.21-ha plot, we mapped and aged 929 trees ≥0.3-m tall, yielding a detailed record of the spatio-temporal dynamics of invasion. For the primary species, Abies grandis and Pinus contorta, we correlated age structures (unimodal in both species) with climate (precipitation, temperature, and snowpack) and cone production, but found weak or non-significant relationships. Evidence of biotic interactions within and between species was obtained by examining the spatial associations of trees to a distance of 5 m and how these changed over time. We used multiple methods including uni- and bivariate forms of the Ripley’s K and pair-correlation function (pcf) (corrected for inhomogeneity), the J-function, an evolving nearest-neighbor metric, and a test for directional bias in establishment. Pinus and Abies contributed in contrasting ways to the pace and spatial structure of invasion. Shade-intolerant Pinus tended to establish in the open, initiating clusters. In contrast, shade-tolerant Abies established in association with Pinus or in conspecific clusters. Preferential establishment of Abies to the north of older Pinus suggests that facilitation occurs by shading. The factors responsible for initial establishment remain unresolved, but positive interactions are pivotal in accelerating invasions, once initiated. Similar processes are likely to occur in other grasslands undergoing rapid conversion to woodland or forest. In combination, analyses of spatial and temporal patterns of establishment provide insight into the processes that structure invasions.</subfield></datafield><datafield tag="592" ind1=" " ind2=" "><subfield code="a">Publisher supplied data</subfield></datafield><datafield tag="593" ind1=" " ind2=" "><subfield code="a">PubAg article</subfield></datafield><datafield tag="650" ind1=" " ind2="3"><subfield code="a">Abies grandis</subfield></datafield><datafield tag="650" ind1=" " ind2="3"><subfield code="a">Picea abies</subfield></datafield><datafield tag="650" ind1=" " ind2="3"><subfield code="a">Pinus contorta</subfield></datafield><datafield tag="650" ind1=" " ind2="3"><subfield code="a">artificial shade</subfield></datafield><datafield tag="650" ind1=" " ind2="3"><subfield code="a">climate</subfield></datafield><datafield tag="650" ind1=" " ind2="3"><subfield code="a">forests</subfield></datafield><datafield tag="650" ind1=" " ind2="3"><subfield code="a">meadows</subfield></datafield><datafield tag="650" ind1=" " ind2="3"><subfield code="a">snowpack</subfield></datafield><datafield tag="650" ind1=" " ind2="3"><subfield code="a">temperature</subfield></datafield><datafield tag="650" ind1=" " ind2="3"><subfield code="a">trees</subfield></datafield><datafield tag="651" ind1=" " ind2="3"><subfield code="a">Cascade Mountain region</subfield></datafield><datafield tag="651" ind1=" " ind2="3"><subfield code="a">Oregon</subfield></datafield><datafield tag="700" ind1="1" ind2=" "><subfield code="a">Halpern, Charles B.</subfield><subfield code="e">author</subfield></datafield><datafield tag="700" ind1="1" ind2=" "><subfield code="a">Antos, Joseph A.</subfield><subfield code="e">author</subfield></datafield><datafield tag="700" ind1="1" ind2=" "><subfield code="a">Jones, Julia A.</subfield><subfield code="e">author</subfield></datafield><datafield tag="773" ind1="0" ind2=" "><subfield code="t">Plant ecology.</subfield><subfield code="g">2012 Apr., v. 213, no. 4 p.555-568</subfield><subfield code="d">Springer-Verlag</subfield><subfield code="x">1385-0237</subfield><subfield code="7">nnas</subfield></datafield><datafield tag="787" ind1="1" ind2=" "><subfield code="o">islandora_article_repository</subfield></datafield><datafield tag="787" ind1="1" ind2=" "><subfield code="o">product_pubag</subfield></datafield><datafield tag="787" ind1="1" ind2=" "><subfield code="o">(Journal)jnl55230</subfield></datafield><datafield tag="856" ind1="4" ind2="0"><subfield code="u">http://dx.doi.org/10.1007/s11258-012-0021-9</subfield></datafield><datafield tag="912" ind1=" " ind2=" "><subfield code="a">Article</subfield></datafield><datafield tag="914" ind1=" " ind2=" "><subfield code="a">Journal:jnl55230</subfield><subfield code="b">1385-0237</subfield><subfield code="c">213</subfield><subfield code="d">4</subfield><subfield code="e">555</subfield></datafield><datafield tag="914" ind1=" " ind2=" "><subfield code="f">Plant ecology</subfield></datafield><datafield tag="917" ind1=" " ind2=" "><subfield code="a">issued</subfield></datafield><datafield tag="918" ind1="2" ind2=" "><subfield code="a">Springer</subfield><subfield code="e">provider</subfield><subfield code="5">DNAL</subfield></datafield><datafield tag="935" ind1=" " ind2=" "><subfield code="a">IND44748937</subfield><subfield code="9">ExL</subfield></datafield><datafield tag="949" ind1=" " ind2=" "><subfield code="a">2013-12-12</subfield></datafield><datafield tag="951" ind1=" " ind2=" "><subfield code="a">2012-04-16</subfield></datafield><datafield tag="953" ind1=" " ind2=" "><subfield code="a">ftp_PUB_12-03-31_05-49-52.zip</subfield></datafield><datafield tag="962" ind1=" " ind2=" "><subfield code="a">Journal ISSN is 1573-5052</subfield></datafield><datafield tag="962" ind1=" " ind2=" "><subfield code="a">Journal title changed from 'Plant Ecol'</subfield></datafield><datafield tag="962" ind1=" " ind2=" "><subfield code="a">Batch:384 annotated on 2013-11-18T12:04:45Z</subfield></datafield><datafield tag="962" ind1=" " ind2=" "><subfield code="a">Batch:384 reviewed on 2013-12-09T11:00:03Z</subfield></datafield><datafield tag="962" ind1=" " ind2=" "><subfield code="a">Batch:384 reviewed on 2013-12-12T04:00:03Z</subfield></datafield><datafield tag="974" ind1=" " ind2=" "><subfield code="a">agid:403752</subfield></datafield></record>