<record><leader>03783nab a2200661 u 4500</leader><controlfield tag="001">9915892818207426</controlfield><controlfield tag="005">20221116141450.0</controlfield><controlfield tag="008">090605e200908 xx |||||o|||||||||||eng||</controlfield><datafield tag="" ind1="7" ind2=" "><subfield code="a">IND44214102</subfield><subfield code="2">DNAL</subfield></datafield><datafield tag="024" ind1="7" ind2=" "><subfield code="a">10.1/j.biocon.2009.03.018</subfield><subfield code="2">doi</subfield></datafield><datafield tag="035" ind1=" " ind2=" "><subfield code="a">agid:757107-01nal_inst</subfield></datafield><datafield tag="040" ind1=" " ind2=" "><subfield code="a">AGL</subfield><subfield code="b">eng</subfield><subfield code="c">AGL</subfield></datafield><datafield tag="072" ind1=" " ind2="0"><subfield code="a">P050</subfield></datafield><datafield tag="072" ind1=" " ind2="0"><subfield code="a">K001</subfield></datafield><datafield tag="100" ind1="1" ind2=" "><subfield code="a">Parry, Luke</subfield></datafield><datafield tag="245" ind1="1" ind2="0"><subfield code="a">Allocation of hunting effort by Amazonian smallholders: Implications for conserving wildlife in mixed-use landscapes</subfield></datafield><datafield tag="300" ind1=" " ind2=" "><subfield code="a">p. 1777-1786.</subfield></datafield><datafield tag="500" ind1=" " ind2=" "><subfield code="a">Includes references</subfield></datafield><datafield tag="500" ind1=" " ind2=" "><subfield code="a">2019-12-06</subfield></datafield><datafield tag="520" ind1=" " ind2=" "><subfield code="a">Most tropical forest landscapes are modified by humans, but the effects of these changes on rural hunting patterns and hunted vertebrate populations remain poorly understood. We investigated subsistence hunting patterns across a highly heterogeneous landscape mosaic in the Brazilian Amazon, where hunters from three villages had access to primary forest, active and fallow agricultural fields, and active and fallow Eucalyptus plantations. Landscape composition and the areas used by hunters were defined using a remote-sensing approach combined with mapping. We quantified hunting effort accounting for the availability and spatial distribution of each habitat. Overall, 71% of the kills were sourced in primary forest, but hunting in primary forest, which was often combined with other extractive activities (such as Brazil nut harvesting), yielded the lowest catch-per-unit-effort of all habitats. Hunting effort per unit area was highest in fallow fields, followed by primary forest, and both of these habitats were over-represented within village hunting catchments when compared to the composition of the available landscape. Active and fallow fields sourced a limited number of species known to be resilient to hunting, but hunting had additional benefits through crop-raider control. In contrast, hunting pressure in active and fallow plantations was low, despite a high catch-per-unit-effort, presumably because there were limited additional benefits from visiting these habitats. These results indicate that large-scale tree plantation and forest regeneration schemes have limited conservation potential for large vertebrates, as they support few forest specialists and fail to attract hunters away from primary forest.</subfield></datafield><datafield tag="593" ind1=" " ind2=" "><subfield code="a">PubAg article</subfield></datafield><datafield tag="650" ind1=" " ind2="3"><subfield code="a">game birds</subfield></datafield><datafield tag="650" ind1=" " ind2="3"><subfield code="a">resource allocation</subfield></datafield><datafield tag="650" ind1=" " ind2="3"><subfield code="a">Eucalyptus</subfield></datafield><datafield tag="650" ind1=" " ind2="3"><subfield code="a">tropical forests</subfield></datafield><datafield tag="650" ind1=" " ind2="3"><subfield code="a">wildlife management</subfield></datafield><datafield tag="650" ind1=" " ind2="3"><subfield code="a">fallow</subfield></datafield><datafield tag="650" ind1=" " ind2="3"><subfield code="a">secondary forests</subfield></datafield><datafield tag="650" ind1=" " ind2="3"><subfield code="a">villages</subfield></datafield><datafield tag="650" ind1=" " ind2="3"><subfield code="a">sport hunting</subfield></datafield><datafield tag="650" ind1=" " ind2="3"><subfield code="a">remote sensing</subfield></datafield><datafield tag="650" ind1=" " ind2="3"><subfield code="a">mammals</subfield></datafield><datafield tag="650" ind1=" " ind2="3"><subfield code="a">forest plantations</subfield></datafield><datafield tag="651" ind1=" " ind2="3"><subfield code="a">Brazil</subfield></datafield><datafield tag="651" ind1=" " ind2="3"><subfield code="a">Amazonia</subfield></datafield><datafield tag="653" ind1=" " ind2="0"><subfield code="a">agricultural land</subfield></datafield><datafield tag="700" ind1="1" ind2=" "><subfield code="a">Barlow, Jos</subfield></datafield><datafield tag="700" ind1="1" ind2=" "><subfield code="a">Peres, Carlos A.</subfield></datafield><datafield tag="773" ind1="0" ind2=" "><subfield code="t">Biological conservation.</subfield><subfield code="g">2009 Aug., v. 142, no. 8 p.1777-1786</subfield><subfield code="d">Elsevier Science Ltd.</subfield><subfield code="x">0006-3207</subfield><subfield code="7">nnas</subfield></datafield><datafield tag="787" ind1="1" ind2=" "><subfield code="o">islandora_article_repository</subfield></datafield><datafield tag="787" ind1="1" ind2=" "><subfield code="o">product_pubag</subfield></datafield><datafield tag="787" ind1="1" ind2=" "><subfield code="o">(Journal)jnl44607</subfield></datafield><datafield tag="852" ind1=" " ind2=" "><subfield code="a">DNAL</subfield></datafield><datafield tag="856" ind1="4" ind2="0"><subfield code="u">http://dx.doi.org/10.1/j.biocon.2009.03.018</subfield><subfield code="3">Available from publisher's Web site</subfield></datafield><datafield tag="912" ind1=" " ind2=" "><subfield code="a">Article</subfield></datafield><datafield tag="914" ind1=" " ind2=" "><subfield code="a">Journal:jnl44607</subfield><subfield code="b">0006-3207</subfield><subfield code="c">142</subfield><subfield code="d">8</subfield><subfield code="e">1777</subfield></datafield><datafield tag="914" ind1=" " ind2=" "><subfield code="f">Biological conservation</subfield></datafield><datafield tag="917" ind1=" " ind2=" "><subfield code="a">issued</subfield></datafield><datafield tag="930" ind1=" " ind2=" "><subfield code="a">20090824</subfield><subfield code="b">20091002</subfield><subfield code="c">00000000</subfield></datafield><datafield tag="935" ind1=" " ind2=" "><subfield code="a">IND44214102</subfield><subfield code="9">ExL</subfield></datafield><datafield tag="945" ind1=" " ind2=" "><subfield code="a">IND</subfield><subfield code="d">YLP</subfield><subfield code="e">2009/08/24</subfield></datafield><datafield tag="946" ind1=" " ind2=" "><subfield code="a">Non-US</subfield></datafield><datafield tag="949" ind1=" " ind2=" "><subfield code="a">2014-07-17</subfield></datafield><datafield tag="952" ind1=" " ind2=" "><subfield code="a">20090824 20091002 00000000</subfield><subfield code="b">IND YLP 2009/08/24</subfield></datafield><datafield tag="974" ind1=" " ind2=" "><subfield code="a">agid:757107</subfield></datafield><datafield tag="984" ind1=" " ind2=" "><subfield code="a">2014-07-25</subfield></datafield><datafield tag="985" ind1=" " ind2=" "><subfield code="a">Converted from MARCXML to MODS version 3.4 using MARC21slim2MODS3-4.xsl (Revision 1.95 2014/04/23)</subfield></datafield><datafield tag="986" ind1=" " ind2=" "><subfield code="a">4214102</subfield></datafield></record>