<record><leader>04594nab a2200853 u 4500</leader><controlfield tag="001">9915892827607426</controlfield><controlfield tag="005">20221116141348.0</controlfield><controlfield tag="008">151127e200302 xx |||||o|||||||||||eng||</controlfield><datafield tag="" ind1="7" ind2=" "><subfield code="a">IND500651291</subfield><subfield code="2">DNAL</subfield></datafield><datafield tag="024" ind1="7" ind2=" "><subfield code="a">10.1658/1100-9233(2003)014[0005:COGACT]2.0.CO;2</subfield><subfield code="2">doi</subfield></datafield><datafield tag="035" ind1=" " ind2=" "><subfield code="a">agid:403691-01nal_inst</subfield></datafield><datafield tag="040" ind1=" " ind2=" "><subfield code="a">AGL</subfield><subfield code="b">eng</subfield><subfield code="c">AGL</subfield></datafield><datafield tag="100" ind1="1" ind2=" "><subfield code="a">Clarke, Peter J.</subfield><subfield code="e">author</subfield><subfield code="u">Botany, The University of New England, Armidale, NSW 2351, Australia;</subfield></datafield><datafield tag="245" ind1="1" ind2="0"><subfield code="a">Composition of grazed and cleared temperate grassy woodlands in eastern Australia: patterns in space and inferences in time</subfield></datafield><datafield tag="300" ind1=" " ind2=" "><subfield code="a">p. 5-14.</subfield></datafield><datafield tag="500" ind1=" " ind2=" "><subfield code="a">2019-12-05</subfield></datafield><datafield tag="520" ind1=" " ind2=" "><subfield code="a">A regional vegetation survey of the temperate grassy woodlands (temperate savanna) in Australia was designed to assess the effects of clearing and grazing on the composition of vegetation remnants and the adjacent pasture matrix. Vegetation was sampled across a range of habitats using 77 0.1024-ha quadrats; the relative abundance of species was recorded. Classification analysis clustered the sites into three main groups that corresponded to intensity of grazing//clearing followed by groups based on underlying lithology (basalt, metasediment, granites). Using Canonical Correspondence Analysis, exogenous disturbance and environmental variables were related to the relative abundance of species; grazing intensity had the highest eigenvalue (0.27) followed by tree canopy cover (0.25), lithology (0.18), altitude (0.17) and slope (0.10). Based on two-dimensional ordination scores, six species response groups were defined relating to intensity of pastoralism and nutrient status of the landscape. Abundance and dominance of native shrubs, sub-shrubs, twiners and geophytes were strongly associated with areas of less-intense pastoralism on low-nutrient soils. The strongest effects on species richness were grazing followed by canopy cover. Continuously grazed sites had lower native species richness across all growth forms except native grasses. There was no indication that intermediate grazing intensities enhanced forb richness as a result of competitive release. Species richness for all native plants was lowest where trees were absent especially under grazed conditions. Canopy cover in ungrazed sites appeared to promote the co-existence of shrubs with the herbaceous layer. Predicted declines in forb richness in treeless, ungrazed, sites were not detected. The lack of a disturbance-mediated enhancement of the herbaceous layer was attributed to habitat heterogeneity at 0.1 ha sampling scale.Nomenclature: Harden 1990––1993.</subfield></datafield><datafield tag="592" ind1=" " ind2=" "><subfield code="a">Publisher supplied data</subfield></datafield><datafield tag="593" ind1=" " ind2=" "><subfield code="a">PubAg article</subfield></datafield><datafield tag="650" ind1=" " ind2="3"><subfield code="a">pastoralism</subfield></datafield><datafield tag="650" ind1=" " ind2="3"><subfield code="a">temperate forests</subfield></datafield><datafield tag="650" ind1=" " ind2="3"><subfield code="a">trees</subfield></datafield><datafield tag="650" ind1=" " ind2="3"><subfield code="a">soil nutrient balance</subfield></datafield><datafield tag="650" ind1=" " ind2="3"><subfield code="a">altitude</subfield></datafield><datafield tag="650" ind1=" " ind2="3"><subfield code="a">forbs</subfield></datafield><datafield tag="650" ind1=" " ind2="3"><subfield code="a">pastures</subfield></datafield><datafield tag="650" ind1=" " ind2="3"><subfield code="a">granite</subfield></datafield><datafield tag="650" ind1=" " ind2="3"><subfield code="a">population density</subfield></datafield><datafield tag="650" ind1=" " ind2="3"><subfield code="a">savannas</subfield></datafield><datafield tag="650" ind1=" " ind2="3"><subfield code="a">woodlands</subfield></datafield><datafield tag="650" ind1=" " ind2="3"><subfield code="a">basalt</subfield></datafield><datafield tag="650" ind1=" " ind2="3"><subfield code="a">temporal variation</subfield></datafield><datafield tag="650" ind1=" " ind2="3"><subfield code="a">botanical composition</subfield></datafield><datafield tag="650" ind1=" " ind2="3"><subfield code="a">spatial variation</subfield></datafield><datafield tag="650" ind1=" " ind2="3"><subfield code="a">topographic slope</subfield></datafield><datafield tag="650" ind1=" " ind2="3"><subfield code="a">canopy</subfield></datafield><datafield tag="650" ind1=" " ind2="3"><subfield code="a">shrubs</subfield></datafield><datafield tag="650" ind1=" " ind2="3"><subfield code="a">landscapes</subfield></datafield><datafield tag="650" ind1=" " ind2="3"><subfield code="a">herbaceous plants</subfield></datafield><datafield tag="650" ind1=" " ind2="3"><subfield code="a">surveys</subfield></datafield><datafield tag="650" ind1=" " ind2="3"><subfield code="a">ground vegetation</subfield></datafield><datafield tag="650" ind1=" " ind2="3"><subfield code="a">grazing intensity</subfield></datafield><datafield tag="650" ind1=" " ind2="3"><subfield code="a">indigenous species</subfield></datafield><datafield tag="650" ind1=" " ind2="3"><subfield code="a">lithological soil types</subfield></datafield><datafield tag="650" ind1=" " ind2="3"><subfield code="a">habitats</subfield></datafield><datafield tag="651" ind1=" " ind2="3"><subfield code="a">Australia</subfield></datafield><datafield tag="653" ind1=" " ind2="0"><subfield code="a">grazing</subfield></datafield><datafield tag="653" ind1=" " ind2="0"><subfield code="a">Species richness</subfield></datafield><datafield tag="653" ind1=" " ind2="0"><subfield code="a">Grazing</subfield></datafield><datafield tag="653" ind1=" " ind2="0"><subfield code="a">Clearing</subfield></datafield><datafield tag="653" ind1=" " ind2="0"><subfield code="a">CCA</subfield></datafield><datafield tag="653" ind1=" " ind2="0"><subfield code="a">Exotic species</subfield></datafield><datafield tag="653" ind1=" " ind2="0"><subfield code="a">Savanna</subfield></datafield><datafield tag="653" ind1=" " ind2="0"><subfield code="a">Competitive release</subfield></datafield><datafield tag="653" ind1=" " ind2="0"><subfield code="a">Grassland</subfield></datafield><datafield tag="773" ind1="0" ind2=" "><subfield code="t">Journal of vegetation science.</subfield><subfield code="g">2003 Feb., v. 14, no. 1 p.5-14</subfield><subfield code="d">Opulus Press</subfield><subfield code="x">1100-9233</subfield><subfield code="7">nnas</subfield></datafield><datafield tag="787" ind1="1" ind2=" "><subfield code="o">islandora_article_repository</subfield></datafield><datafield tag="787" ind1="1" ind2=" "><subfield code="o">product_pubag</subfield></datafield><datafield tag="787" ind1="1" ind2=" "><subfield code="o">(Journal)jnl46820</subfield></datafield><datafield tag="856" ind1="4" ind2="0"><subfield code="u" >http://dx.doi.org/10.1658%2F1100-9233%282003%29014%5B0005%3ACOGACT%5D2.0.CO%3B2</subfield><subfield code="3">Available from publisher's site</subfield></datafield><datafield tag="912" ind1=" " ind2=" "><subfield code="a">Article</subfield></datafield><datafield tag="914" ind1=" " ind2=" "><subfield code="a">Journal:jnl46820</subfield><subfield code="b">1100-9233</subfield><subfield code="c">14</subfield><subfield code="d">1</subfield><subfield code="e">5</subfield></datafield><datafield tag="914" ind1=" " ind2=" "><subfield code="f">Journal of vegetation science</subfield></datafield><datafield tag="917" ind1=" " ind2=" "><subfield code="a">issued</subfield></datafield><datafield tag="918" ind1="2" ind2=" "><subfield code="a">BioOne</subfield><subfield code="e">provider</subfield><subfield code="5">DNAL</subfield></datafield><datafield tag="935" ind1=" " ind2=" "><subfield code="a">IND500651291</subfield><subfield code="9">ExL</subfield></datafield><datafield tag="949" ind1=" " ind2=" "><subfield code="a">2014-05-16</subfield></datafield><datafield tag="953" ind1=" " ind2=" "><subfield code="a">VEGSv14i1-04290044-175000.zip</subfield></datafield><datafield tag="962" ind1=" " ind2=" "><subfield code="a">Batch:530 annotated on 2014-05-06T08:11:08Z</subfield></datafield><datafield tag="962" ind1=" " ind2=" "><subfield code="a">Batch:530 reviewed on 2014-05-16T11:00:02Z</subfield></datafield><datafield tag="962" ind1=" " ind2=" "><subfield code="a">Batch:530 reviewed on 2014-05-16T16:00:02Z</subfield></datafield><datafield tag="974" ind1=" " ind2=" "><subfield code="a">agid:403691</subfield></datafield><datafield tag="983" ind1=" " ind2=" "><subfield code="a">2015-11-27</subfield></datafield><datafield tag="984" ind1=" " ind2=" "><subfield code="a">2015-11-27</subfield></datafield></record>