<record><leader>04373nab a2200841 u 4500</leader><controlfield tag="001">9915893062207426</controlfield><controlfield tag="005">20221116141454.0</controlfield><controlfield tag="008">101105e201011 xx |||||o|||||||||||eng||</controlfield><datafield tag="" ind1="7" ind2=" "><subfield code="a">IND44449212</subfield><subfield code="2">DNAL</subfield></datafield><datafield tag="024" ind1="7" ind2=" "><subfield code="a">21040046</subfield><subfield code="2">pmid</subfield></datafield><datafield tag="024" ind1="7" ind2=" "><subfield code="a">10.1111/j.1365-294X.2010.04834.x</subfield><subfield code="2">doi</subfield></datafield><datafield tag="035" ind1=" " ind2=" "><subfield code="a">agid:513756-01nal_inst</subfield></datafield><datafield tag="040" ind1=" " ind2=" "><subfield code="a">AGL</subfield><subfield code="b">eng</subfield><subfield code="c">AGL</subfield></datafield><datafield tag="100" ind1="1" ind2=" "><subfield code="a">Hoban, Sean M.</subfield></datafield><datafield tag="245" ind1="1" ind2="0"><subfield code="a">Range‐wide distribution of genetic diversity in the North American tree Juglans cinerea: a product of range shifts, not ecological marginality or recent population decline</subfield></datafield><datafield tag="300" ind1=" " ind2=" "><subfield code="a">p. 4876-4891.</subfield></datafield><datafield tag="500" ind1=" " ind2=" "><subfield code="a">Includes references</subfield></datafield><datafield tag="520" ind1=" " ind2=" "><subfield code="a">The spatial distribution of genetic diversity is a product of recent and historical ecological processes, as well as anthropogenic activities. A current challenge in population and conservation genetics is to disentangle the relative effects of these processes, as a first step in predicting population response to future environmental change. In this investigation, we compare the influence of contemporary population decline, contemporary ecological marginality and postglacial range shifts. Using classical model comparison procedures and Bayesian methods, we have identified postglacial range shift as the clear determinant of genetic diversity, differentiation and bottlenecks in 29 populations of butternut, Juglans cinerea L., a North American outcrossing forest tree. Although butternut has experienced dramatic 20th century decline because of an introduced fungal pathogen, our analysis indicates that recent population decline has had less genetic impact than postglacial recolonization history. Location within the range edge vs. the range core also failed to account for the observed patterns of diversity and differentiation. Our results suggest that the genetic impact of large‐scale recent population losses in forest trees should be considered in the light of Pleistocene‐era large‐scale range shifts that may have had long‐term genetic consequences. The data also suggest that the population dynamics and life history of wind‐pollinated forest trees may provide a buffer against steep population declines of short duration, a result having important implications for habitat management efforts, ex situ conservation sampling and population viability analysis.</subfield></datafield><datafield tag="593" ind1=" " ind2=" "><subfield code="a">PubAg article</subfield></datafield><datafield tag="650" ind1=" " ind2="3"><subfield code="a">Bayesian theory</subfield></datafield><datafield tag="650" ind1=" " ind2="3"><subfield code="a">Juglans cinerea</subfield></datafield><datafield tag="650" ind1=" " ind2="3"><subfield code="a">anthropogenic activities</subfield></datafield><datafield tag="650" ind1=" " ind2="3"><subfield code="a">decline</subfield></datafield><datafield tag="650" ind1=" " ind2="3"><subfield code="a">forest trees</subfield></datafield><datafield tag="650" ind1=" " ind2="3"><subfield code="a">fungi</subfield></datafield><datafield tag="650" ind1=" " ind2="3"><subfield code="a">genetic variation</subfield></datafield><datafield tag="650" ind1=" " ind2="3"><subfield code="a">habitats</subfield></datafield><datafield tag="650" ind1=" " ind2="3"><subfield code="a">history</subfield></datafield><datafield tag="650" ind1=" " ind2="3"><subfield code="a">life history</subfield></datafield><datafield tag="650" ind1=" " ind2="3"><subfield code="a">outcrossing</subfield></datafield><datafield tag="650" ind1=" " ind2="3"><subfield code="a">pathogens</subfield></datafield><datafield tag="650" ind1=" " ind2="3"><subfield code="a">population dynamics</subfield></datafield><datafield tag="650" ind1=" " ind2="3"><subfield code="a">population genetics</subfield></datafield><datafield tag="650" ind1=" " ind2="3"><subfield code="a">prediction</subfield></datafield><datafield tag="650" ind1=" " ind2="3"><subfield code="a">viability</subfield></datafield><datafield tag="650" ind1=" " ind2="2"><subfield code="a">Bayes Theorem</subfield></datafield><datafield tag="650" ind1=" " ind2="2"><subfield code="a">Cluster Analysis</subfield></datafield><datafield tag="650" ind1=" " ind2="2"><subfield code="a">Conservation of Natural Resources</subfield></datafield><datafield tag="650" ind1=" " ind2="2"><subfield code="a">Ecology</subfield></datafield><datafield tag="650" ind1=" " ind2="2"><subfield code="a">Ecosystem</subfield></datafield><datafield tag="650" ind1=" " ind2="2"><subfield code="a">Genetic Variation</subfield></datafield><datafield tag="650" ind1=" " ind2="2"><subfield code="a">Genotype</subfield></datafield><datafield tag="650" ind1=" " ind2="2"><subfield code="a">Juglans</subfield><subfield code="x">genetics</subfield></datafield><datafield tag="650" ind1=" " ind2="2"><subfield code="a">Population Dynamics</subfield></datafield><datafield tag="650" ind1=" " ind2="2"><subfield code="a">Trees</subfield></datafield><datafield tag="700" ind1="1" ind2=" "><subfield code="a">Borkowski, Daniel S.</subfield></datafield><datafield tag="700" ind1="1" ind2=" "><subfield code="a">Brosi, Sunshine L.</subfield></datafield><datafield tag="700" ind1="1" ind2=" "><subfield code="a">McCleary, Tim S.</subfield></datafield><datafield tag="700" ind1="1" ind2=" "><subfield code="a">Thompson, Laura M.</subfield></datafield><datafield tag="700" ind1="1" ind2=" "><subfield code="a">McLachlan, Jason S.</subfield></datafield><datafield tag="700" ind1="1" ind2=" "><subfield code="a">Pereira, Marie A.</subfield></datafield><datafield tag="700" ind1="1" ind2=" "><subfield code="a">Schlarbaum, Scott E.</subfield></datafield><datafield tag="700" ind1="1" ind2=" "><subfield code="a">Romero-Severson, Jeanne</subfield></datafield><datafield tag="773" ind1="0" ind2=" "><subfield code="t">Molecular ecology.</subfield><subfield code="g">2010 Nov., v. 19, no. 22 p.4876-4891</subfield><subfield code="d">Blackwell Publishing Ltd</subfield><subfield code="x">0962-1083</subfield><subfield code="7">nnas</subfield></datafield><datafield tag="787" ind1="1" ind2=" "><subfield code="o">islandora_article_repository</subfield></datafield><datafield tag="787" ind1="1" ind2=" "><subfield code="o">product_pubag</subfield></datafield><datafield tag="787" ind1="1" ind2=" "><subfield code="o">(Journal)jnl48811</subfield></datafield><datafield tag="852" ind1=" " ind2=" "><subfield code="a">DNAL</subfield></datafield><datafield tag="856" ind1="4" ind2="0"><subfield code="u">http://dx.doi.org/10.1111/j.1365-294X.2010.04834.x</subfield></datafield><datafield tag="912" ind1=" " ind2=" "><subfield code="a">Article</subfield></datafield><datafield tag="914" ind1=" " ind2=" "><subfield code="a">Journal:jnl48811</subfield><subfield code="b">0962-1083</subfield><subfield code="c">19</subfield><subfield code="d">22</subfield><subfield code="e">4876</subfield></datafield><datafield tag="914" ind1=" " ind2=" "><subfield code="f">Molecular ecology</subfield></datafield><datafield tag="917" ind1=" " ind2=" "><subfield code="a">issued</subfield></datafield><datafield tag="935" ind1=" " ind2=" "><subfield code="a">IND44449212</subfield><subfield code="9">ExL</subfield></datafield><datafield tag="949" ind1=" " ind2=" "><subfield code="a">2013-05-30</subfield></datafield><datafield tag="962" ind1=" " ind2=" "><subfield code="a">Journal ISSN is 1365-294X</subfield></datafield><datafield tag="962" ind1=" " ind2=" "><subfield code="a">Batch:216 annotated on 2013-05-14T08:29:58Z</subfield></datafield><datafield tag="962" ind1=" " ind2=" "><subfield code="a">Batch:216 reviewed on 2013-05-29T17:00:02Z</subfield></datafield><datafield tag="962" ind1=" " ind2=" "><subfield code="a">Batch:216 reviewed on 2013-05-30T10:00:02Z</subfield></datafield><datafield tag="974" ind1=" " ind2=" "><subfield code="a">agid:513756</subfield></datafield><datafield tag="984" ind1=" " ind2=" "><subfield code="a">2012-01-14</subfield></datafield><datafield tag="985" ind1=" " ind2=" "><subfield code="a">Converted from MARCXML to MODS version 3.4 using MARC21slim2MODS3-4.xsl (Revision 1.77 2012/03/23)</subfield></datafield><datafield tag="986" ind1=" " ind2=" "><subfield code="a">4449212</subfield></datafield></record>