<record><leader>04686nab a2200625 u 4500</leader><controlfield tag="001">9915893495007426</controlfield><controlfield tag="005">20221116143002.0</controlfield><controlfield tag="008">170721e212 xx |||||o|||||||||||eng||</controlfield><datafield tag="" ind1="7" ind2=" "><subfield code="a">IND605497312</subfield><subfield code="2">DNAL</subfield></datafield><datafield tag="024" ind1="7" ind2=" "><subfield code="a">10.1186/s40462--0074-9</subfield><subfield code="2">doi</subfield></datafield><datafield tag="024" ind1="7" ind2=" "><subfield code="a">PMC4832482</subfield><subfield code="2">pmcid</subfield></datafield><datafield tag="024" ind1="7" ind2=" "><subfield code="a">27087978</subfield><subfield code="2">pmid</subfield></datafield><datafield tag="035" ind1=" " ind2=" "><subfield code="a">agid:5497312-01nal_inst</subfield></datafield><datafield tag="040" ind1=" " ind2=" "><subfield code="a">AGL</subfield><subfield code="b">eng</subfield><subfield code="c">AGL</subfield></datafield><datafield tag="100" ind1="1" ind2=" "><subfield code="a">Kautz, Markus</subfield><subfield code="e">author</subfield></datafield><datafield tag="245" ind1="1" ind2="0"><subfield code="a">Dispersal variability and associated population-level consequences in tree-killing bark beetles</subfield></datafield><datafield tag="300" ind1=" " ind2=" "><subfield code="a">p. 9.</subfield></datafield><datafield tag="506" ind1=" " ind2=" "><subfield code="a">Resource is Open Access</subfield><subfield code="u">http://purl.org/eprint/accessRights/OpenAccess</subfield><subfield code="f">Unrestricted online access</subfield><subfield code="2">star</subfield></datafield><datafield tag="520" ind1=" " ind2=" "><subfield code="a">BACKGROUND: Dispersal is a key process in the response of insect populations to rapidly changing environmental conditions. Variability among individuals, regarding the timing of dispersal initiation and travelled distance from source, is assumed to contribute to increased population success through risk spreading. However, experiments are often limited in studying complex dispersal interactions over space and time. By applying a local-scaled individual-based simulation model we studied dispersal and emerging infestation patterns in a host − bark beetle system (Picea abies – Ips typgraphus). More specifically, we (i) investigated the effect of individual variability in beetle physiology (flight capacity) and environmental heterogeneity (host susceptibility level) on population-level dispersal success, and (ii) elucidated patterns of spatial and/or temporal variability in individual dispersal success, host selectivity, and the resulting beetle density within colonized hosts in differently susceptible environments. RESULTS: Individual variability in flight capacity of bark beetles causes predominantly positive effects on population-level dispersal success, yet these effects are strongly environment-dependent: Variability is most beneficial in purely resistant habitats, while positive effects are less pronounced in purely susceptible habitats, and largely absent in habitats where host susceptibility is spatially scattered. Despite success rates being highest in purely susceptible habitats, scattered host susceptibility appeared most suitable for dispersing bark beetle populations as it ensures population spread without drastically reducing success rates. At the individual level, dispersal success generally decreases with distance to source and is lowest in early flight cohorts, while host selectivity increased and colonization density decreased with increasing distance across all environments. CONCLUSIONS: Our modelling approach is demonstrated to be a powerful tool for studying movement ecology in bark beetles. Dispersal variability largely contributes to risk spreading among individuals, and facilitates the response of populations to changing environmental conditions. Higher mortality risk suffered by a small part of the dispersing population (long-distance dispersers, pioneers) is likely paid off by reduced deferred costs resulting in fitness benefits for subsequent generations. Both, dispersal variability in space and time, and environmental heterogeneity are characterized as key features which require particular emphasis when investigating dispersal and infestation patterns in tree-killing bark beetles.</subfield></datafield><datafield tag="592" ind1=" " ind2=" "><subfield code="a">Publisher supplied data</subfield></datafield><datafield tag="593" ind1=" " ind2=" "><subfield code="a">PubAg article</subfield></datafield><datafield tag="650" ind1=" " ind2="3"><subfield code="a">Ips</subfield></datafield><datafield tag="650" ind1=" " ind2="3"><subfield code="a">Picea abies</subfield></datafield><datafield tag="650" ind1=" " ind2="3"><subfield code="a">bark beetles</subfield></datafield><datafield tag="650" ind1=" " ind2="3"><subfield code="a">environmental factors</subfield></datafield><datafield tag="650" ind1=" " ind2="3"><subfield code="a">flight</subfield></datafield><datafield tag="650" ind1=" " ind2="3"><subfield code="a">habitats</subfield></datafield><datafield tag="650" ind1=" " ind2="3"><subfield code="a">hosts</subfield></datafield><datafield tag="650" ind1=" " ind2="3"><subfield code="a">mortality</subfield></datafield><datafield tag="650" ind1=" " ind2="3"><subfield code="a">population growth</subfield></datafield><datafield tag="650" ind1=" " ind2="3"><subfield code="a">risk</subfield></datafield><datafield tag="650" ind1=" " ind2="3"><subfield code="a">simulation models</subfield></datafield><datafield tag="650" ind1=" " ind2="3"><subfield code="a">temporal variation</subfield></datafield><datafield tag="700" ind1="1" ind2=" "><subfield code="a">Imron, Muhammad Ali</subfield><subfield code="e">author</subfield></datafield><datafield tag="700" ind1="1" ind2=" "><subfield code="a">Dworschak, Kai</subfield><subfield code="e">author</subfield></datafield><datafield tag="700" ind1="1" ind2=" "><subfield code="a">Schopf, Reinhard</subfield><subfield code="e">author</subfield></datafield><datafield tag="773" ind1="0" ind2=" "><subfield code="t">Movement ecology.</subfield><subfield code="g">2 Dec., v. 4, no. 1 p.9-9</subfield><subfield code="d">BioMed Central</subfield><subfield code="w">Journal:21549</subfield><subfield code="x">2051-3933</subfield><subfield code="7">nnas</subfield></datafield><datafield tag="787" ind1="1" ind2=" "><subfield code="o">islandora_article_repository</subfield></datafield><datafield tag="787" ind1="1" ind2=" "><subfield code="o">product_pubag</subfield></datafield><datafield tag="787" ind1="1" ind2=" "><subfield code="o">(Journal)21549</subfield></datafield><datafield tag="856" ind1="4" ind2="0"><subfield code="u">http://dx.doi.org/10.1186/s40462--0074-9</subfield><subfield code="3">Available from publisher's site</subfield></datafield><datafield tag="912" ind1=" " ind2=" "><subfield code="a">Article</subfield></datafield><datafield tag="914" ind1=" " ind2=" "><subfield code="a">Journal:21549</subfield><subfield code="b">2051-3933</subfield><subfield code="c">4</subfield><subfield code="d">1</subfield><subfield code="e">9</subfield></datafield><datafield tag="914" ind1=" " ind2=" "><subfield code="f">Movement ecology</subfield></datafield><datafield tag="916" ind1=" " ind2=" "><subfield code="a">Batch:2229</subfield></datafield><datafield tag="917" ind1=" " ind2=" "><subfield code="a">issued</subfield></datafield><datafield tag="918" ind1="2" ind2=" "><subfield code="a">Springer</subfield><subfield code="e">provider</subfield><subfield code="5">DNAL</subfield></datafield><datafield tag="935" ind1=" " ind2=" "><subfield code="a">IND605497312</subfield><subfield code="9">ExL</subfield></datafield><datafield tag="949" ind1=" " ind2=" "><subfield code="a">2020-05-15</subfield></datafield><datafield tag="953" ind1=" " ind2=" "><subfield code="a">ftp_PUB_16-11-19_05-26-03.zip</subfield></datafield><datafield tag="962" ind1=" " ind2=" "><subfield code="a">Journal title changed from 'Mov Ecol'</subfield></datafield><datafield tag="962" ind1=" " ind2=" "><subfield code="a">Batch:2229 reviewed on 2019-06-07T09:00:03Z</subfield></datafield><datafield tag="974" ind1=" " ind2=" "><subfield code="a">agid:5497312</subfield></datafield><datafield tag="983" ind1=" " ind2=" "><subfield code="a">2017-07-21</subfield></datafield><datafield tag="984" ind1=" " ind2=" "><subfield code="a">2020-10-27</subfield></datafield></record>