<record><leader>03217nab a2200553 u 4500</leader><controlfield tag="001">9915893519207426</controlfield><controlfield tag="005">20221116143131.0</controlfield><controlfield tag="008">011204e200107 wiu|||||o|||||||||||eng||</controlfield><datafield tag="" ind1="7" ind2=" "><subfield code="a">IND23243197</subfield><subfield code="2">DNAL</subfield></datafield><datafield tag="035" ind1=" " ind2=" "><subfield code="a">agid:2590957-01nal_inst</subfield></datafield><datafield tag="040" ind1=" " ind2=" "><subfield code="a">AGL</subfield><subfield code="b">eng</subfield><subfield code="c">AGL</subfield></datafield><datafield tag="100" ind1="1" ind2=" "><subfield code="a">Vrugt, J.A.</subfield></datafield><datafield tag="245" ind1="1" ind2="0"><subfield code="a">Calibration of a two-dimensional root water uptake model</subfield></datafield><datafield tag="300" ind1=" " ind2=" "><subfield code="a">p. 1027-1037.</subfield></datafield><datafield tag="500" ind1=" " ind2=" "><subfield code="a">2019-12-05</subfield></datafield><datafield tag="520" ind1=" " ind2=" "><subfield code="a">Although solutions of multidimensional transient water flow can be obtained by numerical modeling, their application may be limited in part as root water uptake is generally considered to be one-dimensional only. The objective of this study was to develop and test a two-dimensional root water uptake model, which can be incorporated into numerical multidimensional flow models. The two-dimensional uptake model is based on the model by Raats, but is extended with a radial component. Subsequently, the root water uptake model was incorporated into a two-dimensional flow model, and root water uptake parameters were optimized, minimizing the residuals between measured and simulated water content data. Water content was measured around a sprinkler-irrigated almond tree (Prunus laurocerasus M.J.Roem) for a 16-d period at 25 locations, following irrigation. To calibrate the flow and root water uptake model, a genetic algorithm (GA) was used to find the approximate global minimum of the optimized parameter space. The final fitting parameters were determined using the Simplex algorithm (SA). With the optimized root water uptake parameters, simulated and measured water contents during the 16-d period were in excellent agreement, with R2 values generally ranging between 0.94 and 0.99 and a root mean squared error (RMSE) of 0.015 m3 m(-3). The developed root water uptake model is extremely flexible and allows spatial variations of water uptake as influenced by nonuniform (drip irrigation) and uniform water application patterns.</subfield></datafield><datafield tag="650" ind1=" " ind2="3"><subfield code="a">simulation models</subfield></datafield><datafield tag="650" ind1=" " ind2="3"><subfield code="a">soil water content</subfield></datafield><datafield tag="650" ind1=" " ind2="3"><subfield code="a">unsaturated hydraulic conductivity</subfield></datafield><datafield tag="650" ind1=" " ind2="3"><subfield code="a">spatial distribution</subfield></datafield><datafield tag="650" ind1=" " ind2="3"><subfield code="a">Prunus laurocerasus</subfield></datafield><datafield tag="650" ind1=" " ind2="3"><subfield code="a">algorithms</subfield></datafield><datafield tag="650" ind1=" " ind2="3"><subfield code="a">sprinkler irrigation</subfield></datafield><datafield tag="650" ind1=" " ind2="3"><subfield code="a">water flow</subfield></datafield><datafield tag="650" ind1=" " ind2="3"><subfield code="a">microirrigation</subfield></datafield><datafield tag="650" ind1=" " ind2="3"><subfield code="a">water uptake</subfield></datafield><datafield tag="650" ind1=" " ind2="3"><subfield code="a">roots</subfield></datafield><datafield tag="653" ind1=" " ind2="0"><subfield code="a">mathematical models</subfield></datafield><datafield tag="653" ind1=" " ind2="0"><subfield code="a">simplex algorithm</subfield></datafield><datafield tag="653" ind1=" " ind2="0"><subfield code="a">genetic algorithm</subfield></datafield><datafield tag="700" ind1="1" ind2=" "><subfield code="a">Hopmans, J.W.</subfield></datafield><datafield tag="700" ind1="1" ind2=" "><subfield code="a">Simunek, J.</subfield></datafield><datafield tag="773" ind1="0" ind2=" "><subfield code="t">Soil Science Society of America journal.</subfield><subfield code="g">2001 , v. 65, no. 4 p.1027-1037</subfield><subfield code="a">Soil Science Society of America.</subfield><subfield code="x">0361-5995</subfield><subfield code="7">nnas</subfield></datafield><datafield tag="787" ind1="1" ind2=" "><subfield code="o">islandora_article_repository</subfield></datafield><datafield tag="787" ind1="1" ind2=" "><subfield code="o">(Journal)jnl44580</subfield></datafield><datafield tag="852" ind1=" " ind2=" "><subfield code="a">DNAL</subfield></datafield><datafield tag="912" ind1=" " ind2=" "><subfield code="a">Article</subfield></datafield><datafield tag="914" ind1=" " ind2=" "><subfield code="a">Journal:jnl44580</subfield></datafield><datafield tag="914" ind1=" " ind2=" "><subfield code="f">Soil Sci. Soc. Am. j</subfield></datafield><datafield tag="917" ind1=" " ind2=" "><subfield code="a">issued</subfield></datafield><datafield tag="930" ind1=" " ind2=" "><subfield code="a">20020204</subfield><subfield code="b">20020208</subfield><subfield code="c">00000000</subfield></datafield><datafield tag="935" ind1=" " ind2=" "><subfield code="a">IND23243197</subfield><subfield code="9">ExL</subfield></datafield><datafield tag="945" ind1=" " ind2=" "><subfield code="a">IND</subfield><subfield code="d">RHF</subfield></datafield><datafield tag="946" ind1=" " ind2=" "><subfield code="a">Other US</subfield></datafield><datafield tag="952" ind1=" " ind2=" "><subfield code="a">20020204 20020208 00000000</subfield><subfield code="b">IND RHF </subfield></datafield><datafield tag="974" ind1=" " ind2=" "><subfield code="a">agid:2590957</subfield></datafield><datafield tag="984" ind1=" " ind2=" "><subfield code="a">2014-12-22</subfield></datafield><datafield tag="985" ind1=" " ind2=" "><subfield code="a">Converted from MARCXML to MODS version 3.4 using MARC21slim2MODS3-4.xsl (Revision 1.95 2014/04/23)</subfield></datafield><datafield tag="986" ind1=" " ind2=" "><subfield code="a">3509868</subfield></datafield></record>