<record><leader>03857nab a2200673 u 4500</leader><controlfield tag="001">9915893595507426</controlfield><controlfield tag="005">20221116143247.0</controlfield><controlfield tag="008">090306e200904 xx |||||o|||||||||||eng||</controlfield><datafield tag="" ind1="7" ind2=" "><subfield code="a">IND44174127</subfield><subfield code="2">DNAL</subfield></datafield><datafield tag="024" ind1="7" ind2=" "><subfield code="a">10.1007/s11258-008-9511-1</subfield><subfield code="2">doi</subfield></datafield><datafield tag="035" ind1=" " ind2=" "><subfield code="a">agid:474204-01nal_inst</subfield></datafield><datafield tag="040" ind1=" " ind2=" "><subfield code="a">AGL</subfield><subfield code="b">eng</subfield><subfield code="c">AGL</subfield></datafield><datafield tag="100" ind1="1" ind2=" "><subfield code="a">Zald, Harold S. J.</subfield></datafield><datafield tag="245" ind1="1" ind2="0"><subfield code="a">Extent and spatial patterns of grass bald land cover change (1948-2000), Oregon Coast Range, USA</subfield></datafield><datafield tag="300" ind1=" " ind2=" "><subfield code="a">p. 517-529.</subfield></datafield><datafield tag="500" ind1=" " ind2=" "><subfield code="a">Includes references</subfield></datafield><datafield tag="520" ind1=" " ind2=" "><subfield code="a">Globally, temperate grasslands and meadows have sharply declined in spatial extent. Loss and fragmentation of grasslands and meadows may impact biodiversity, carbon storage, energy balance, and climate change. In the Pacific Northwest region of North America, grasslands and meadows have declined in extent over the past century. Largely undocumented in this regional decline are the grass balds of the Oregon Coast Range, isolated grasslands in a landscape dominated by coniferous forests. This study was conducted to quantify the spatial extent and patterns of grass bald change. Five balds in the Oregon Coast Range were evaluated using historical aerial photographs and recent digital orthophoto quadrangles (DOQ). Over the time period of study (1948/1953 to 1994/2000), bald area declined by 66%, primarily from forest encroachment. The number and average size of bald vegetation patches declined, while edge density increased. Tree encroachment into balds was inversely related to distance from nearest potential parent trees. Spatial patterns of bald loss may result from a forest to bald gradient of unfavorable environmental conditions for tree establishment and/or seed dispersal limitation. Species dependent on balds may be at risk from loss of bald area and increased fragmentation, although metrics of habitat fragmentation may not reflect species-specific habitat requirements. Tree encroachment patterns and increased bald edge densities suggest increasing rates of bald loss in the future. The remote sensing nature of this study cannot determine the fundamental causes of bald decline, although prior research suggests climate change, cessation of native burning, successional changes in response to prior wildfires, and cessation of livestock grazing all may have potential influence.</subfield></datafield><datafield tag="593" ind1=" " ind2=" "><subfield code="a">PubAg article</subfield></datafield><datafield tag="650" ind1=" " ind2="3"><subfield code="a">aerial photography</subfield></datafield><datafield tag="650" ind1=" " ind2="3"><subfield code="a">biodiversity</subfield></datafield><datafield tag="650" ind1=" " ind2="3"><subfield code="a">burning</subfield></datafield><datafield tag="650" ind1=" " ind2="3"><subfield code="a">carbon sequestration</subfield></datafield><datafield tag="650" ind1=" " ind2="3"><subfield code="a">climate change</subfield></datafield><datafield tag="650" ind1=" " ind2="3"><subfield code="a">coniferous forests</subfield></datafield><datafield tag="650" ind1=" " ind2="3"><subfield code="a">energy balance</subfield></datafield><datafield tag="650" ind1=" " ind2="3"><subfield code="a">environmental factors</subfield></datafield><datafield tag="650" ind1=" " ind2="3"><subfield code="a">grasses</subfield></datafield><datafield tag="650" ind1=" " ind2="3"><subfield code="a">grazing</subfield></datafield><datafield tag="650" ind1=" " ind2="3"><subfield code="a">habitat fragmentation</subfield></datafield><datafield tag="650" ind1=" " ind2="3"><subfield code="a">land cover</subfield></datafield><datafield tag="650" ind1=" " ind2="3"><subfield code="a">landscapes</subfield></datafield><datafield tag="650" ind1=" " ind2="3"><subfield code="a">meadows</subfield></datafield><datafield tag="650" ind1=" " ind2="3"><subfield code="a">parents</subfield></datafield><datafield tag="650" ind1=" " ind2="3"><subfield code="a">rangelands</subfield></datafield><datafield tag="650" ind1=" " ind2="3"><subfield code="a">remote sensing</subfield></datafield><datafield tag="650" ind1=" " ind2="3"><subfield code="a">seed dispersal</subfield></datafield><datafield tag="650" ind1=" " ind2="3"><subfield code="a">seeds</subfield></datafield><datafield tag="650" ind1=" " ind2="3"><subfield code="a">trees</subfield></datafield><datafield tag="651" ind1=" " ind2="3"><subfield code="a">Oregon</subfield></datafield><datafield tag="773" ind1="0" ind2=" "><subfield code="t">Plant ecology.</subfield><subfield code="g">2009 Apr., v. 201, no. 2 p.517-529</subfield><subfield code="d">Springer Netherlands</subfield><subfield code="x">1385-0237</subfield><subfield code="7">nnas</subfield></datafield><datafield tag="787" ind1="1" ind2=" "><subfield code="o">islandora_article_repository</subfield></datafield><datafield tag="787" ind1="1" ind2=" "><subfield code="o">product_pubag</subfield></datafield><datafield tag="787" ind1="1" ind2=" "><subfield code="o">(Journal)jnl55230</subfield></datafield><datafield tag="852" ind1=" " ind2=" "><subfield code="a">DNAL</subfield></datafield><datafield tag="856" ind1="4" ind2="0"><subfield code="u">http://dx.doi.org/10.1007/s11258-008-9511-1</subfield></datafield><datafield tag="912" ind1=" " ind2=" "><subfield code="a">Article</subfield></datafield><datafield tag="914" ind1=" " ind2=" "><subfield code="a">Journal:jnl55230</subfield><subfield code="b">1385-0237</subfield><subfield code="c">201</subfield><subfield code="d">2</subfield><subfield code="e">517</subfield></datafield><datafield tag="914" ind1=" " ind2=" "><subfield code="f">Plant ecology</subfield></datafield><datafield tag="917" ind1=" " ind2=" "><subfield code="a">issued</subfield></datafield><datafield tag="935" ind1=" " ind2=" "><subfield code="a">IND44174127</subfield><subfield code="9">ExL</subfield></datafield><datafield tag="949" ind1=" " ind2=" "><subfield code="a">2013-12-12</subfield></datafield><datafield tag="962" ind1=" " ind2=" "><subfield code="a">Journal ISSN is 1573-5052</subfield></datafield><datafield tag="962" ind1=" " ind2=" "><subfield code="a">Batch:384 annotated on 2013-11-18T12:04:45Z</subfield></datafield><datafield tag="962" ind1=" " ind2=" "><subfield code="a">Batch:384 reviewed on 2013-12-09T11:00:03Z</subfield></datafield><datafield tag="962" ind1=" " ind2=" "><subfield code="a">Batch:384 reviewed on 2013-12-12T04:00:03Z</subfield></datafield><datafield tag="974" ind1=" " ind2=" "><subfield code="a">agid:474204</subfield></datafield><datafield tag="984" ind1=" " ind2=" "><subfield code="a">2009-03-06</subfield></datafield><datafield tag="985" ind1=" " ind2=" "><subfield code="a">Converted from MARCXML to MODS version 3.4 using MARC21slim2MODS3-4.xsl (Revision 1.77 2012/03/23)</subfield></datafield><datafield tag="986" ind1=" " ind2=" "><subfield code="a">4174127</subfield></datafield></record>