<record><leader>03678nab a2200469 u 4500</leader><controlfield tag="001">9915893746007426</controlfield><controlfield tag="005">20221116144913.0</controlfield><controlfield tag="008">151103e200009 xx |||||o|||||||||||eng||</controlfield><datafield tag="" ind1="7" ind2=" "><subfield code="a">IND601253379</subfield><subfield code="2">DNAL</subfield></datafield><datafield tag="024" ind1="7" ind2=" "><subfield code="a">10.1646/0006-3606(2000)032[0385:SDOVEI]2.0.CO;2</subfield><subfield code="2">doi</subfield></datafield><datafield tag="035" ind1=" " ind2=" "><subfield code="a">agid:1253379-01nal_inst</subfield></datafield><datafield tag="040" ind1=" " ind2=" "><subfield code="a">AGL</subfield><subfield code="b">eng</subfield><subfield code="c">AGL</subfield></datafield><datafield tag="100" ind1="1" ind2=" "><subfield code="a">Nieder, Jüürgen</subfield><subfield code="e">author</subfield><subfield code="u">Universitäät Bonn, Botanisches Institut, Abteilung Systematik und Biodiversitäät, Meckenheimer Allee 170, 53115 Bonn, Germany</subfield></datafield><datafield tag="245" ind1="1" ind2="0"><subfield code="a">Spatial Distribution of Vascular Epiphytes (including Hemiepiphytes) in a Lowland Amazonian Rain Forest (Surumoni Crane Plot) of Southern Venezuela1</subfield></datafield><datafield tag="300" ind1=" " ind2=" "><subfield code="a">p. 385-396.</subfield></datafield><datafield tag="520" ind1=" " ind2=" "><subfield code="a">The mobile crane of the Surumoni project allowed for the first time ever a complete inventory and spatial description of the epiphytic vegetation of a tropical lowland rain forest plot (1.5 ha), at La Esmeralda on the upper Orinoco River, Venezuela. A total of 778 individual vascular epiphytes of 53 species was found, dominated by 19 orchid species and 14 species of Araceae. Fifty percent of all individual plants were obligate ant-garden epiphytes. The distribution of epiphytes was highly clumped and not random. The clumped occurrence of holoepiphytes (complete life cycle on host tree) was the consequence of the rarity of suitable phorophytes (host trees; e.g., size and age) in the plot and the preference of ants for gaps where most of the ant-garden epiphytes were found. In comparison, hemiepiphytes were distributed more evenly because of greater independence from tree suitability. The dispersal modes of epiphytes did not explain their distribution patterns. There was no consistent difference in distribution between anemochorous and zoochorous epiphytes, presumably because availability of suitable substrate is the more important factor for epiphyte establishment and growth. Whereas the vertical distribution of epiphytes could be attributed largely to deterministic factors such as physiological adaptation and requirements, horizontal distribution appeared to be governed by suitable substrate, which in turn seemed to be governed by stochastic gap formation.</subfield></datafield><datafield tag="592" ind1=" " ind2=" "><subfield code="a">Publisher supplied data</subfield></datafield><datafield tag="653" ind1=" " ind2="0"><subfield code="a">ecological niches</subfield></datafield><datafield tag="653" ind1=" " ind2="0"><subfield code="a">epiphytic plants</subfield></datafield><datafield tag="653" ind1=" " ind2="0"><subfield code="a">Orchidaceae</subfield></datafield><datafield tag="653" ind1=" " ind2="0"><subfield code="a">spatial patterns</subfield></datafield><datafield tag="653" ind1=" " ind2="0"><subfield code="a">Surumoni Crane Project</subfield></datafield><datafield tag="653" ind1=" " ind2="0"><subfield code="a">tropical moist forest</subfield></datafield><datafield tag="653" ind1=" " ind2="0"><subfield code="a">Venezuela</subfield></datafield><datafield tag="700" ind1="1" ind2=" "><subfield code="a">Engwald, Stefan</subfield><subfield code="e">author</subfield><subfield code="u">Universitäät Bonn, Botanisches Institut, Abteilung Systematik und Biodiversitäät, Meckenheimer Allee 170, 53115 Bonn, Germany</subfield></datafield><datafield tag="700" ind1="1" ind2=" "><subfield code="a">Klawun, Martin</subfield><subfield code="e">author</subfield><subfield code="u">Universitäät Bonn, Botanisches Institut, Abteilung Systematik und Biodiversitäät, Meckenheimer Allee 170, 53115 Bonn, Germany</subfield></datafield><datafield tag="700" ind1="1" ind2=" "><subfield code="a">Barthlott, Wilhelm</subfield><subfield code="e">author</subfield><subfield code="u">Universitäät Bonn, Botanisches Institut, Abteilung Systematik und Biodiversitäät, Meckenheimer Allee 170, 53115 Bonn, Germany</subfield></datafield><datafield tag="773" ind1="0" ind2=" "><subfield code="t">Biotropica.</subfield><subfield code="g">2000 Sept., v. 32, no. 3 p.385-396</subfield><subfield code="d">Association for Tropical Biology</subfield><subfield code="x">0006-3606</subfield><subfield code="7">nnas</subfield></datafield><datafield tag="787" ind1="1" ind2=" "><subfield code="o">islandora_article_repository</subfield></datafield><datafield tag="787" ind1="1" ind2=" "><subfield code="o">(Journal)jnl45461</subfield></datafield><datafield tag="856" ind1="4" ind2="0"><subfield code="u" >http://dx.doi.org/10.1646%2F0006-3606%282000%29032%5B0385%3ASDOVEI%5D2.0.CO%3B2</subfield><subfield code="3">Available from publisher's site</subfield></datafield><datafield tag="912" ind1=" " ind2=" "><subfield code="a">Article</subfield></datafield><datafield tag="914" ind1=" " ind2=" "><subfield code="a">Journal:jnl45461</subfield><subfield code="b">0006-3606</subfield><subfield code="c">32</subfield><subfield code="d">3</subfield><subfield code="e">385</subfield></datafield><datafield tag="914" ind1=" " ind2=" "><subfield code="f">Biotropica</subfield></datafield><datafield tag="917" ind1=" " ind2=" "><subfield code="a">hold</subfield></datafield><datafield tag="918" ind1="2" ind2=" "><subfield code="a">BioOne</subfield><subfield code="e">provider</subfield><subfield code="5">DNAL</subfield></datafield><datafield tag="935" ind1=" " ind2=" "><subfield code="a">IND601253379</subfield><subfield code="9">ExL</subfield></datafield><datafield tag="953" ind1=" " ind2=" "><subfield code="a">BITRv32i3-04281402-170212.zip</subfield></datafield><datafield tag="962" ind1=" " ind2=" "><subfield code="a">Original journal title in upper case</subfield></datafield><datafield tag="974" ind1=" " ind2=" "><subfield code="a">agid:1253379</subfield></datafield><datafield tag="983" ind1=" " ind2=" "><subfield code="a">2015-11-03</subfield></datafield><datafield tag="984" ind1=" " ind2=" "><subfield code="a">2015-11-03</subfield></datafield></record>