<record><leader>03477nab a2200733 u 4500</leader><controlfield tag="001">9915894148007426</controlfield><controlfield tag="005">20221116145022.0</controlfield><controlfield tag="008">081219s2008 xx |||||o|||||||||||eng||</controlfield><datafield tag="" ind1="7" ind2=" "><subfield code="a">IND44138931</subfield><subfield code="2">DNAL</subfield></datafield><datafield tag="024" ind1="7" ind2=" "><subfield code="a">10.1071/BT08105</subfield><subfield code="2">doi</subfield></datafield><datafield tag="035" ind1=" " ind2=" "><subfield code="a">agid:743648-01nal_inst</subfield></datafield><datafield tag="040" ind1=" " ind2=" "><subfield code="a">AGL</subfield><subfield code="b">eng</subfield><subfield code="c">AGL</subfield></datafield><datafield tag="072" ind1=" " ind2="0"><subfield code="a">K800</subfield></datafield><datafield tag="072" ind1=" " ind2="0"><subfield code="a">F300</subfield></datafield><datafield tag="072" ind1=" " ind2="0"><subfield code="a">K001</subfield></datafield><datafield tag="072" ind1=" " ind2="0"><subfield code="a">L100</subfield></datafield><datafield tag="072" ind1=" " ind2="0"><subfield code="a">B200</subfield></datafield><datafield tag="072" ind1=" " ind2="0"><subfield code="a">W000</subfield></datafield><datafield tag="100" ind1="1" ind2=" "><subfield code="a">Calder, J.A.</subfield></datafield><datafield tag="245" ind1="1" ind2="0"><subfield code="a">Climate change and other factors influencing the decline of the Tasmanian cider gum (Eucalyptus gunnii)</subfield></datafield><datafield tag="300" ind1=" " ind2=" "><subfield code="a">p. 684-692.</subfield></datafield><datafield tag="500" ind1=" " ind2=" "><subfield code="a">Includes references</subfield></datafield><datafield tag="500" ind1=" " ind2=" "><subfield code="a">2019-12-06</subfield></datafield><datafield tag="520" ind1=" " ind2=" "><subfield code="a">Global climatic change has been strongly implicated in the decline of many species. However, other processes can contribute towards the extinction risk of these species. Could management of these processes arrest or slow climatically related decline? We test the relationship between climate change, and other potential threatening factors, and the decline of Eucalyptus gunnii, a tree endemic to the subalpine regions of Tasmania, Australia. Through observing the spatial patterns of both climatic change and dieback, we found there was a stronger pattern of increasing droughts in the eastern part of the species range, the region which also displayed the worst dieback. A time series of aerial photographs revealed that the most severe drought periods in the last several decades have coincided with the most rapid tree decline. However, the sites that suffered the worst dieback were also more heavily used for stock grazing, a factor which had a stronger spatial relationship with tree decline than climate. Other factors were also implicated in the decline, including possum browsing. The good health of some populations in the most climatically stressed areas suggests that the amelioration of non-climatic stresses could be effective in maintaining the health of the surviving populations.</subfield></datafield><datafield tag="593" ind1=" " ind2=" "><subfield code="a">PubAg article</subfield></datafield><datafield tag="650" ind1=" " ind2="3"><subfield code="a">geographical distribution</subfield></datafield><datafield tag="650" ind1=" " ind2="3"><subfield code="a">forest decline</subfield></datafield><datafield tag="650" ind1=" " ind2="3"><subfield code="a">forest trees</subfield></datafield><datafield tag="650" ind1=" " ind2="3"><subfield code="a">montane forests</subfield></datafield><datafield tag="650" ind1=" " ind2="3"><subfield code="a">spatial distribution</subfield></datafield><datafield tag="650" ind1=" " ind2="3"><subfield code="a">Eucalyptus gunnii</subfield></datafield><datafield tag="650" ind1=" " ind2="3"><subfield code="a">air temperature</subfield></datafield><datafield tag="650" ind1=" " ind2="3"><subfield code="a">drought</subfield></datafield><datafield tag="650" ind1=" " ind2="3"><subfield code="a">climate change</subfield></datafield><datafield tag="650" ind1=" " ind2="3"><subfield code="a">forest management</subfield></datafield><datafield tag="650" ind1=" " ind2="3"><subfield code="a">aerial photography</subfield></datafield><datafield tag="650" ind1=" " ind2="3"><subfield code="a">livestock</subfield></datafield><datafield tag="650" ind1=" " ind2="3"><subfield code="a">grazing intensity</subfield></datafield><datafield tag="650" ind1=" " ind2="3"><subfield code="a">indigenous species</subfield></datafield><datafield tag="650" ind1=" " ind2="3"><subfield code="a">wild animals</subfield></datafield><datafield tag="650" ind1=" " ind2="3"><subfield code="a">dieback</subfield></datafield><datafield tag="651" ind1=" " ind2="3"><subfield code="a">Tasmania</subfield></datafield><datafield tag="653" ind1=" " ind2="0"><subfield code="a">grazing</subfield></datafield><datafield tag="700" ind1="1" ind2=" "><subfield code="a">Kirkpatrick, J.B.</subfield></datafield><datafield tag="773" ind1="0" ind2=" "><subfield code="t">Australian journal of botany.</subfield><subfield code="g">2008, v. 56, no. 8 p.684-692</subfield><subfield code="d">CSIRO Publishing</subfield><subfield code="x">0067-1924</subfield><subfield code="7">nnas</subfield></datafield><datafield tag="787" ind1="1" ind2=" "><subfield code="o">islandora_article_repository</subfield></datafield><datafield tag="787" ind1="1" ind2=" "><subfield code="o">product_pubag</subfield></datafield><datafield tag="787" ind1="1" ind2=" "><subfield code="o">(Journal)jnl44712</subfield></datafield><datafield tag="852" ind1=" " ind2=" "><subfield code="a">DNAL</subfield></datafield><datafield tag="856" ind1="4" ind2="0"><subfield code="u">http://dx.doi.org/10.1071/BT08105</subfield><subfield code="3">Available from publisher's Web site</subfield></datafield><datafield tag="912" ind1=" " ind2=" "><subfield code="a">Article</subfield></datafield><datafield tag="914" ind1=" " ind2=" "><subfield code="a">Journal:jnl44712</subfield><subfield code="b">0067-1924</subfield><subfield code="c">56</subfield><subfield code="d">8</subfield><subfield code="e">684</subfield></datafield><datafield tag="914" ind1=" " ind2=" "><subfield code="f">Australian journal of botany</subfield></datafield><datafield tag="917" ind1=" " ind2=" "><subfield code="a">issued</subfield></datafield><datafield tag="930" ind1=" " ind2=" "><subfield code="a">20090305</subfield><subfield code="b">00000000</subfield><subfield code="c">00000000</subfield></datafield><datafield tag="935" ind1=" " ind2=" "><subfield code="a">IND44138931</subfield><subfield code="9">ExL</subfield></datafield><datafield tag="945" ind1=" " ind2=" "><subfield code="a">IND</subfield><subfield code="d">2CT</subfield><subfield code="e">2009/02/03</subfield></datafield><datafield tag="946" ind1=" " ind2=" "><subfield code="a">Non-US</subfield></datafield><datafield tag="949" ind1=" " ind2=" "><subfield code="a">2014-07-17</subfield></datafield><datafield tag="952" ind1=" " ind2=" "><subfield code="a">20090305 00000000 00000000</subfield><subfield code="b">IND 2CT 2009/02/03</subfield></datafield><datafield tag="974" ind1=" " ind2=" "><subfield code="a">agid:743648</subfield></datafield><datafield tag="984" ind1=" " ind2=" "><subfield code="a">2014-07-25</subfield></datafield><datafield tag="985" ind1=" " ind2=" "><subfield code="a">Converted from MARCXML to MODS version 3.4 using MARC21slim2MODS3-4.xsl (Revision 1.95 2014/04/23)</subfield></datafield><datafield tag="986" ind1=" " ind2=" "><subfield code="a">4138931</subfield></datafield></record>