<record><leader>03566nab a2200517 u 4500</leader><controlfield tag="001">9915894237607426</controlfield><controlfield tag="005">20221116145310.0</controlfield><controlfield tag="008">170712e201012 xx |||||o|||||||||||eng||</controlfield><datafield tag="" ind1="7" ind2=" "><subfield code="a">IND605712183</subfield><subfield code="2">DNAL</subfield></datafield><datafield tag="024" ind1="7" ind2=" "><subfield code="a">10.1890/09-2233.1</subfield><subfield code="2">doi</subfield></datafield><datafield tag="035" ind1=" " ind2=" "><subfield code="a">agid:5712183-01nal_inst</subfield></datafield><datafield tag="040" ind1=" " ind2=" "><subfield code="a">AGL</subfield><subfield code="b">eng</subfield><subfield code="c">AGL</subfield></datafield><datafield tag="100" ind1="1" ind2=" "><subfield code="a">Zillio, Tommaso</subfield><subfield code="e">author</subfield><subfield code="u">Department of Renewable Resources, 751 General Services Building, University of Alberta, Edmonton, Alberta T6G 2H1 Canada</subfield></datafield><datafield tag="245" ind1="1" ind2="0"><subfield code="a">Modeling spatial aggregation of finite populations</subfield></datafield><datafield tag="300" ind1=" " ind2=" "><subfield code="a">p. 3698-3706.</subfield></datafield><datafield tag="500" ind1=" " ind2=" "><subfield code="a">JOURNAL ARTICLE</subfield></datafield><datafield tag="520" ind1=" " ind2=" "><subfield code="a">Accurate description of spatial distribution of species is essential for correctly modeling macroecological patterns and thus to infer mechanisms of species coexistence. The Poisson and negative binomial distribution (NBD) are most widely used to respectively model random and aggregated distributions of species in infinitely large areas. As a finite version of the Poisson distribution, the binomial distribution is used to model random distribution of species populations in finite areas. Despite that spatial aggregation is the most widespread pattern and no species in nature are distributed in infinitely large areas, no model is currently available to describe spatial aggregation for species distributed in finite areas. Here we develop a finite counterpart of the NBD to model aggregated species in finite landscapes. Similar to the NBD, this new model also has a parameter k measuring spatial aggregation. When k → ∞, this model becomes the binomial distribution; when study area approaches infinite, it becomes the NBD. This model was extensively evaluated against the distributions of over 300 tree species in a 50‐ha stem‐mapping plot from Barro Colorado Island, Panama. The results show that when sampling area is small (relative to the study area), the new model and the NBD are of little difference. But the former correctly models spatial distribution at the finite limit at which the NBD fails. We reveal serious theoretical pathologies by using infinite models to approximate finite distribution and show the theoretical and practical advantages for using the new finite model for modeling species–area relationships, species occupancy and spatial distribution of rare species.</subfield></datafield><datafield tag="592" ind1=" " ind2=" "><subfield code="a">Publisher supplied data</subfield></datafield><datafield tag="593" ind1=" " ind2=" "><subfield code="a">PubAg article</subfield></datafield><datafield tag="650" ind1=" " ind2="3"><subfield code="a">Poisson distribution</subfield></datafield><datafield tag="650" ind1=" " ind2="3"><subfield code="a">binomial distribution</subfield></datafield><datafield tag="650" ind1=" " ind2="3"><subfield code="a">islands</subfield></datafield><datafield tag="650" ind1=" " ind2="3"><subfield code="a">landscapes</subfield></datafield><datafield tag="650" ind1=" " ind2="3"><subfield code="a">models</subfield></datafield><datafield tag="650" ind1=" " ind2="3"><subfield code="a">rare species</subfield></datafield><datafield tag="650" ind1=" " ind2="3"><subfield code="a">trees</subfield></datafield><datafield tag="651" ind1=" " ind2="3"><subfield code="a">Panama</subfield></datafield><datafield tag="700" ind1="1" ind2=" "><subfield code="a">He, Fangliang</subfield><subfield code="e">author</subfield><subfield code="u">Department of Renewable Resources, 751 General Services Building, University of Alberta, Edmonton, Alberta T6G 2H1 Canada. fhe@ualberta.ca</subfield></datafield><datafield tag="773" ind1="0" ind2=" "><subfield code="t">Ecology.</subfield><subfield code="g">2010 Dec., v. 91, no. 12 p.3698-3706</subfield><subfield code="d">Ecological Society of America</subfield><subfield code="x">0012-9658</subfield><subfield code="7">nnas</subfield></datafield><datafield tag="787" ind1="1" ind2=" "><subfield code="o">islandora_article_repository</subfield></datafield><datafield tag="787" ind1="1" ind2=" "><subfield code="o">product_pubag</subfield></datafield><datafield tag="787" ind1="1" ind2=" "><subfield code="o">(Journal)jnl46164</subfield></datafield><datafield tag="856" ind1="4" ind2="0"><subfield code="u">http://dx.doi.org/10.1890/09-2233.1</subfield><subfield code="3">Available from publisher's site</subfield></datafield><datafield tag="912" ind1=" " ind2=" "><subfield code="a">Article</subfield></datafield><datafield tag="914" ind1=" " ind2=" "><subfield code="a">Journal:jnl46164</subfield><subfield code="b">0012-9658</subfield><subfield code="c">91</subfield><subfield code="d">12</subfield><subfield code="e">3698</subfield></datafield><datafield tag="914" ind1=" " ind2=" "><subfield code="f">Ecology</subfield></datafield><datafield tag="916" ind1=" " ind2=" "><subfield code="a">Batch:1792</subfield></datafield><datafield tag="917" ind1=" " ind2=" "><subfield code="a">issued</subfield></datafield><datafield tag="918" ind1="2" ind2=" "><subfield code="a">John Wiley &amp; Sons, Inc</subfield><subfield code="e">provider</subfield><subfield code="5">DNAL</subfield></datafield><datafield tag="935" ind1=" " ind2=" "><subfield code="a">IND605712183</subfield><subfield code="9">ExL</subfield></datafield><datafield tag="949" ind1=" " ind2=" "><subfield code="a">2017-08-28</subfield></datafield><datafield tag="953" ind1=" " ind2=" "><subfield code="a">00129658_2010_91_12.xml</subfield></datafield><datafield tag="962" ind1=" " ind2=" "><subfield code="a">Batch:1792 reviewed on 2017-08-28T11:00:03Z</subfield></datafield><datafield tag="974" ind1=" " ind2=" "><subfield code="a">agid:5712183</subfield></datafield><datafield tag="983" ind1=" " ind2=" "><subfield code="a">2017-07-12</subfield></datafield><datafield tag="984" ind1=" " ind2=" "><subfield code="a">2017-08-28</subfield></datafield></record>