<record><leader>04276nab a2200613 u 4500</leader><controlfield tag="001">9915894284207426</controlfield><controlfield tag="005">20221116150531.0</controlfield><controlfield tag="008">170712e201511 xx |||||o|||||||||||eng||</controlfield><datafield tag="" ind1="7" ind2=" "><subfield code="a">IND605712300</subfield><subfield code="2">DNAL</subfield></datafield><datafield tag="024" ind1="7" ind2=" "><subfield code="a">10.1890/15-0628.1</subfield><subfield code="2">doi</subfield></datafield><datafield tag="035" ind1=" " ind2=" "><subfield code="a">agid:5712300-01nal_inst</subfield></datafield><datafield tag="040" ind1=" " ind2=" "><subfield code="a">AGL</subfield><subfield code="b">eng</subfield><subfield code="c">AGL</subfield></datafield><datafield tag="100" ind1="1" ind2=" "><subfield code="a">Larson, Andrew J.</subfield><subfield code="e">author</subfield><subfield code="u">Department of Forest Management, University of Montana, Missoula, Montana 59812 USA. a.larson@umontana.edu</subfield></datafield><datafield tag="245" ind1="1" ind2="0"><subfield code="a">Spatial aspects of tree mortality strongly differ between young and old‐growth forests</subfield></datafield><datafield tag="300" ind1=" " ind2=" "><subfield code="a">p. 2855-2861.</subfield></datafield><datafield tag="500" ind1=" " ind2=" "><subfield code="a">JOURNAL ARTICLE</subfield></datafield><datafield tag="520" ind1=" " ind2=" "><subfield code="a">Rates and spatial patterns of tree mortality are predicted to change during forest structural development. In young forests, mortality should be primarily density dependent due to competition for light, leading to an increasingly spatially uniform pattern of surviving trees. In contrast, mortality in old‐growth forests should be primarily caused by contagious and spatially autocorrelated agents (e.g., insects, wind), causing spatial aggregation of surviving trees to increase through time. We tested these predictions by contrasting a three‐decade record of tree mortality from replicated mapped permanent plots located in young (&lt;60‐year‐old) and old‐growth (&gt;300‐year‐old) Abies amabilis forests. Trees in young forests died at a rate of 4.42% per year, whereas trees in old‐growth forests died at 0.60% per year. Tree mortality in young forests was significantly aggregated, strongly density dependent, and caused live tree patterns to become more uniform through time. Mortality in old‐growth forests was spatially aggregated, but was density independent and did not change the spatial pattern of surviving trees. These results extend current theory by demonstrating that density‐dependent competitive mortality leading to increasingly uniform tree spacing in young forests ultimately transitions late in succession to a more diverse tree mortality regime that maintains spatial heterogeneity through time.</subfield></datafield><datafield tag="592" ind1=" " ind2=" "><subfield code="a">Publisher supplied data</subfield></datafield><datafield tag="593" ind1=" " ind2=" "><subfield code="a">PubAg article</subfield></datafield><datafield tag="650" ind1=" " ind2="3"><subfield code="a">Abies amabilis</subfield></datafield><datafield tag="650" ind1=" " ind2="3"><subfield code="a">autocorrelation</subfield></datafield><datafield tag="650" ind1=" " ind2="3"><subfield code="a">insects</subfield></datafield><datafield tag="650" ind1=" " ind2="3"><subfield code="a">mortality</subfield></datafield><datafield tag="650" ind1=" " ind2="3"><subfield code="a">old-growth forests</subfield></datafield><datafield tag="650" ind1=" " ind2="3"><subfield code="a">prediction</subfield></datafield><datafield tag="650" ind1=" " ind2="3"><subfield code="a">spatial variation</subfield></datafield><datafield tag="650" ind1=" " ind2="3"><subfield code="a">tree mortality</subfield></datafield><datafield tag="650" ind1=" " ind2="3"><subfield code="a">trees</subfield></datafield><datafield tag="650" ind1=" " ind2="3"><subfield code="a">wind</subfield></datafield><datafield tag="700" ind1="1" ind2=" "><subfield code="a">Lutz, James A.</subfield><subfield code="e">author</subfield><subfield code="u">Wildland Resources Department, Utah State University, 5230 Old Main Hill, Logan, Utah 84322-5230 USA</subfield></datafield><datafield tag="700" ind1="1" ind2=" "><subfield code="a">Donato, Daniel C.</subfield><subfield code="e">author</subfield><subfield code="u">Washington State Department of Natural Resources, 1111 Washington St. SE, Box 47014, Olympia, Washington 98504 USA</subfield></datafield><datafield tag="700" ind1="1" ind2=" "><subfield code="a">Freund, James A.</subfield><subfield code="e">author</subfield><subfield code="u">School of Environmental and Forest Sciences, Box 352100, University of Washington, Seattle, Washington 98195-2100 USA</subfield></datafield><datafield tag="700" ind1="1" ind2=" "><subfield code="a">Swanson, Mark E.</subfield><subfield code="e">author</subfield><subfield code="u">School of the Environment, Washington State University, Pullman, Washington 99164-2812 USA</subfield></datafield><datafield tag="700" ind1="1" ind2=" "><subfield code="a">HilleRisLambers, Janneke</subfield><subfield code="e">author</subfield><subfield code="u">Department of Biology, Box 351800, University of Washington, Seattle, Washington 98195-1800</subfield></datafield><datafield tag="700" ind1="1" ind2=" "><subfield code="a">Sprugel, Douglas G.</subfield><subfield code="e">author</subfield><subfield code="u">School of Environmental and Forest Sciences, Box 352100, University of Washington, Seattle, Washington 98195-2100 USA</subfield></datafield><datafield tag="700" ind1="1" ind2=" "><subfield code="a">Franklin, Jerry F.</subfield><subfield code="e">author</subfield><subfield code="u">School of Environmental and Forest Sciences, Box 352100, University of Washington, Seattle, Washington 98195-2100 USA</subfield></datafield><datafield tag="773" ind1="0" ind2=" "><subfield code="t">Ecology.</subfield><subfield code="g">2015 Nov., v. 96, no. 11 p.2855-2861</subfield><subfield code="d">Ecological Society of America</subfield><subfield code="x">0012-9658</subfield><subfield code="7">nnas</subfield></datafield><datafield tag="787" ind1="1" ind2=" "><subfield code="o">islandora_article_repository</subfield></datafield><datafield tag="787" ind1="1" ind2=" "><subfield code="o">product_pubag</subfield></datafield><datafield tag="787" ind1="1" ind2=" "><subfield code="o">(Journal)jnl46164</subfield></datafield><datafield tag="856" ind1="4" ind2="0"><subfield code="u">http://dx.doi.org/10.1890/15-0628.1</subfield><subfield code="3">Available from publisher's site</subfield></datafield><datafield tag="912" ind1=" " ind2=" "><subfield code="a">Article</subfield></datafield><datafield tag="914" ind1=" " ind2=" "><subfield code="a">Journal:jnl46164</subfield><subfield code="b">0012-9658</subfield><subfield code="c">96</subfield><subfield code="d">11</subfield><subfield code="e">2855</subfield></datafield><datafield tag="914" ind1=" " ind2=" "><subfield code="f">Ecology</subfield></datafield><datafield tag="916" ind1=" " ind2=" "><subfield code="a">Batch:1792</subfield></datafield><datafield tag="917" ind1=" " ind2=" "><subfield code="a">issued</subfield></datafield><datafield tag="918" ind1="2" ind2=" "><subfield code="a">John Wiley &amp; Sons, Inc</subfield><subfield code="e">provider</subfield><subfield code="5">DNAL</subfield></datafield><datafield tag="935" ind1=" " ind2=" "><subfield code="a">IND605712300</subfield><subfield code="9">ExL</subfield></datafield><datafield tag="949" ind1=" " ind2=" "><subfield code="a">2017-08-28</subfield></datafield><datafield tag="953" ind1=" " ind2=" "><subfield code="a">00129658_2015_96_11.xml</subfield></datafield><datafield tag="962" ind1=" " ind2=" "><subfield code="a">Batch:1792 reviewed on 2017-08-28T11:00:03Z</subfield></datafield><datafield tag="974" ind1=" " ind2=" "><subfield code="a">agid:5712300</subfield></datafield><datafield tag="983" ind1=" " ind2=" "><subfield code="a">2017-07-12</subfield></datafield><datafield tag="984" ind1=" " ind2=" "><subfield code="a">2017-08-28</subfield></datafield></record>