<record><leader>05414nab a2200721 u 4500</leader><controlfield tag="001">9915894301007426</controlfield><controlfield tag="005">20221116150548.0</controlfield><controlfield tag="008">190411e20141010xx |||||o|||||||||||eng||</controlfield><datafield tag="" ind1="7" ind2=" "><subfield code="a">IND605437641</subfield><subfield code="2">DNAL</subfield></datafield><datafield tag="024" ind1="7" ind2=" "><subfield code="a">10.1/j.ppees.2014.05.005</subfield><subfield code="2">doi</subfield></datafield><datafield tag="035" ind1=" " ind2=" "><subfield code="a">agid:5437641-01nal_inst</subfield></datafield><datafield tag="040" ind1=" " ind2=" "><subfield code="a">AGL</subfield><subfield code="b">eng</subfield><subfield code="c">AGL</subfield></datafield><datafield tag="100" ind1="1" ind2=" "><subfield code="a">Nogués-Bravo, David</subfield><subfield code="e">author</subfield><subfield code="u">Center for Macroecology, Evolution and Climate, Natural History Museum of Denmark, University of Copenhagen, Universitetsparken 15, 2100 Copenhagen, Denmark</subfield></datafield><datafield tag="245" ind1="1" ind2="0"><subfield code="a">Phenotypic correlates of potential range size and range filling in European trees</subfield></datafield><datafield tag="300" ind1=" " ind2=" "><subfield code="a">p. 219-227.</subfield></datafield><datafield tag="520" ind1=" " ind2=" "><subfield code="a">Understanding the biological correlates of range sizes in plant species is important to predict the response of species to climate change. We used climate envelope models to estimate species’ potential range size and range filling for 48 European tree species. We hypothesized that potential range size relates to the climatic tolerances of plant species, and that the degree of range filling is influenced by species dispersal. We tested these hypotheses using, for each species, estimates for tolerance to cold and drought, type of dispersal, fruit size and seed size. Consistent with previous observations, we found that both the size of potential ranges and range filling increase from south to north. Species tolerance to temperature and water stress, as well as their dispersal-related traits also showed marked spatial patterns. There was, moreover, a significant positive partial correlation between cold tolerance and potential range size, when drought tolerance was partialed out, and a non-significant partial correlation between drought tolerance and potential range size, with cold tolerance partialed out. Range filling was not significantly larger in species dispersed by wind than in those dispersed by animals. There was a negative correlation between seed mass and range filling, but its statistical significance varied across different subsets of species and climate envelope algorithms; the correlation between fruit length and range filling was not significant. We conclude that climatic tolerances and dispersal traits influence species range size and range filling, and thus affect the range dynamics of species in response to global change. Using traits will therefore help to predict future distribution of species under climate change.</subfield></datafield><datafield tag="592" ind1=" " ind2=" "><subfield code="a">Publisher supplied data</subfield></datafield><datafield tag="593" ind1=" " ind2=" "><subfield code="a">PubAg article</subfield></datafield><datafield tag="650" ind1=" " ind2="3"><subfield code="a">algorithms</subfield></datafield><datafield tag="650" ind1=" " ind2="3"><subfield code="a">animals</subfield></datafield><datafield tag="650" ind1=" " ind2="3"><subfield code="a">climate</subfield></datafield><datafield tag="650" ind1=" " ind2="3"><subfield code="a">climate change</subfield></datafield><datafield tag="650" ind1=" " ind2="3"><subfield code="a">cold tolerance</subfield></datafield><datafield tag="650" ind1=" " ind2="3"><subfield code="a">drought</subfield></datafield><datafield tag="650" ind1=" " ind2="3"><subfield code="a">drought tolerance</subfield></datafield><datafield tag="650" ind1=" " ind2="3"><subfield code="a">phenotype</subfield></datafield><datafield tag="650" ind1=" " ind2="3"><subfield code="a">species dispersal</subfield></datafield><datafield tag="650" ind1=" " ind2="3"><subfield code="a">trees</subfield></datafield><datafield tag="650" ind1=" " ind2="3"><subfield code="a">water stress</subfield></datafield><datafield tag="650" ind1=" " ind2="3"><subfield code="a">wind</subfield></datafield><datafield tag="653" ind1=" " ind2="0"><subfield code="a">Climate envelope models</subfield></datafield><datafield tag="653" ind1=" " ind2="0"><subfield code="a">Climatic tolerances</subfield></datafield><datafield tag="653" ind1=" " ind2="0"><subfield code="a">Dispersal traits</subfield></datafield><datafield tag="653" ind1=" " ind2="0"><subfield code="a">European trees</subfield></datafield><datafield tag="653" ind1=" " ind2="0"><subfield code="a">Geographical range size</subfield></datafield><datafield tag="653" ind1=" " ind2="0"><subfield code="a">Range filling</subfield></datafield><datafield tag="700" ind1="1" ind2=" "><subfield code="a">Pulido, Fernando</subfield><subfield code="e">author</subfield><subfield code="u">School of Forestry and Natural Resources, University of Extremadura, Centro Universitario, 10600 Plasencia, Spain</subfield></datafield><datafield tag="700" ind1="1" ind2=" "><subfield code="a">Araújo, Miguel B.</subfield><subfield code="e">author</subfield><subfield code="u">Center for Macroecology, Evolution and Climate, Natural History Museum of Denmark, University of Copenhagen, Universitetsparken 15, 2100 Copenhagen, Denmark</subfield></datafield><datafield tag="700" ind1="1" ind2=" "><subfield code="a">Diniz-Filho, Jose Alexandre F.</subfield><subfield code="e">author</subfield><subfield code="u">Departamento de Ecologia, Universidade Federal de Goias, Goiania, GO, Brazil</subfield></datafield><datafield tag="700" ind1="1" ind2=" "><subfield code="a">García-Valdés, Raúl</subfield><subfield code="e">author</subfield><subfield code="u">Department of Biogeography and Global Change, National Museum of Natural Sciences, CSIC, C/ José Gutiérrez Abascal, 2, 28006 Madrid, Spain</subfield></datafield><datafield tag="700" ind1="1" ind2=" "><subfield code="a">Kollmann, Johannes</subfield><subfield code="e">author</subfield><subfield code="u">Restoration Ecology, Center of Life and Food Sciences Weihenstephan, Technische Universität München, Emil-Ramann-Straße 6, 85350 Freising, Germany</subfield></datafield><datafield tag="700" ind1="1" ind2=" "><subfield code="a">Svenning, Jens-Christian</subfield><subfield code="e">author</subfield><subfield code="u">Ecoinformatics and Biodiversity Group, Department of Bioscience, Aarhus University, Ny Munkegade 114, 8000 Aarhus C, Denmark</subfield></datafield><datafield tag="700" ind1="1" ind2=" "><subfield code="a">Valladares, Fernando</subfield><subfield code="e">author</subfield><subfield code="u">Instituto de Recursos Naturales, CCMA, CSIC, Serrano 115 bis, 28006 Madrid, Spain</subfield></datafield><datafield tag="700" ind1="1" ind2=" "><subfield code="a">Zavala, Miguel A.</subfield><subfield code="e">author</subfield><subfield code="u">Department of Ecology, Faculty of Sciences, University of Alcala, Ctra. Madrid-Barcelona Km 33.6, 28871 Alcalá de Henares, Madrid, Spain</subfield></datafield><datafield tag="773" ind1="0" ind2=" "><subfield code="t">Perspectives in plant ecology, evolution and systematics.</subfield><subfield code="g">2014 Oct. 10, v. 16, no. 5 p.219-227</subfield><subfield code="d">Elsevier GmbH</subfield><subfield code="a">Geobotanisches Institut ETH, Stiftung Ruebel</subfield><subfield code="w">Journal:J000000130</subfield><subfield code="x">1433-8319</subfield><subfield code="7">nnas</subfield></datafield><datafield tag="787" ind1="1" ind2=" "><subfield code="o">islandora_article_repository</subfield></datafield><datafield tag="787" ind1="1" ind2=" "><subfield code="o">product_pubag</subfield></datafield><datafield tag="787" ind1="1" ind2=" "><subfield code="o">(Journal)J000000130</subfield></datafield><datafield tag="856" ind1="4" ind2="0"><subfield code="u">https://dx.doi.org/10.1/j.ppees.2014.05.005</subfield><subfield code="3">Available from publisher's site</subfield></datafield><datafield tag="912" ind1=" " ind2=" "><subfield code="a">Article</subfield></datafield><datafield tag="914" ind1=" " ind2=" "><subfield code="a">Journal:J000000130</subfield><subfield code="b">1433-8319</subfield><subfield code="c">16</subfield><subfield code="e">219</subfield></datafield><datafield tag="914" ind1=" " ind2=" "><subfield code="f">Perspectives in plant ecology, evolution and systematics</subfield></datafield><datafield tag="916" ind1=" " ind2=" "><subfield code="a">Batch:1507</subfield></datafield><datafield tag="917" ind1=" " ind2=" "><subfield code="a">issued</subfield></datafield><datafield tag="918" ind1="2" ind2=" "><subfield code="a">Elsevier Consyn</subfield><subfield code="e">provider</subfield><subfield code="5">DNAL</subfield></datafield><datafield tag="935" ind1=" " ind2=" "><subfield code="a">IND605437641</subfield><subfield code="9">ExL</subfield></datafield><datafield tag="949" ind1=" " ind2=" "><subfield code="a">2019-04-11</subfield></datafield><datafield tag="953" ind1=" " ind2=" "><subfield code="a" >/data/metadata/incoming/consyn-backfiles/46-2-00097-HEAD-ONLY.zip</subfield></datafield><datafield tag="954" ind1=" " ind2=" "><subfield code="a" >file:/data/metadata/staging/consyn-backfiles/S1433831914000493.xml</subfield></datafield><datafield tag="955" ind1=" " ind2=" "><subfield code="a">/data/metadata/staging/consyn-backfiles/</subfield></datafield><datafield tag="974" ind1=" " ind2=" "><subfield code="a">agid:5437641</subfield></datafield><datafield tag="983" ind1=" " ind2=" "><subfield code="a">2019-04-11</subfield></datafield><datafield tag="984" ind1=" " ind2=" "><subfield code="a">2019-04-11</subfield></datafield></record>