<record><leader>04974nab a2200709 u 4500</leader><controlfield tag="001">9915894306707426</controlfield><controlfield tag="005">20221116150735.0</controlfield><controlfield tag="008">190411e20140420xx |||||o|||||||||||eng||</controlfield><datafield tag="" ind1="7" ind2=" "><subfield code="a">IND605437629</subfield><subfield code="2">DNAL</subfield></datafield><datafield tag="024" ind1="7" ind2=" "><subfield code="a">10.1/j.ppees.2014.02.003</subfield><subfield code="2">doi</subfield></datafield><datafield tag="035" ind1=" " ind2=" "><subfield code="a">agid:5437629-01nal_inst</subfield></datafield><datafield tag="040" ind1=" " ind2=" "><subfield code="a">AGL</subfield><subfield code="b">eng</subfield><subfield code="c">AGL</subfield></datafield><datafield tag="100" ind1="1" ind2=" "><subfield code="a">Chacón-Labella, Julia</subfield><subfield code="e">author</subfield><subfield code="u">Área de Biodiversidad y Conservación, Universidad Rey Juan Carlos, E-28933 Móstoles, Spain</subfield></datafield><datafield tag="245" ind1="1" ind2="0"><subfield code="a">Negative density dependence and environmental heterogeneity effects on tree ferns across succession in a tropical montane forest</subfield></datafield><datafield tag="300" ind1=" " ind2=" "><subfield code="a">p. 52-63.</subfield></datafield><datafield tag="520" ind1=" " ind2=" "><subfield code="a">Although tree ferns are an important component of temperate and tropical forests, very little is known about their ecology. Their peculiar biology (e.g., dispersal by spores and two-phase life cycle) makes it difficult to extrapolate current knowledge on the ecology of other tree species to tree ferns. In this paper, we studied the effects of negative density dependence (NDD) and environmental heterogeneity on populations of two abundant tree fern species, Cyathea caracasana and Alsophila engelii, and how these effects change across a successional gradient. Species patterns harbor information on processes such as competition that can be easily revealed using point pattern analysis techniques. However, its detection may be difficult due to the confounded effects of habitat heterogeneity. Here, we mapped three forest plots along a successional gradient in the montane forests of Southern Ecuador. We employed homogeneous and inhomogeneous K and pair correlation functions to quantify the change in the spatial pattern of different size classes and a case–control design to study associations between juvenile and adult tree ferns. Using spatial estimates of the biomass of four functional tree types (short- and long-lived pioneer, shade- and partial shade-tolerant) as covariates, we fitted heterogeneous Poisson models to the point pattern of juvenile and adult tree ferns and explored the existence of habitat dependencies on these patterns. Our study revealed NDD effects for C. caracasana and strong environmental filtering underlying the pattern of A. engelii. We found that adult and juvenile populations of both species responded differently to habitat heterogeneity and in most cases this heterogeneity was associated with the spatial distribution of biomass of the four functional tree types. These findings show the effectiveness of factoring out environmental heterogeneity to avoid confounding factors when studying NDD and demonstrate the usefulness of covariate maps derived from mapped communities.</subfield></datafield><datafield tag="592" ind1=" " ind2=" "><subfield code="a">Publisher supplied data</subfield></datafield><datafield tag="593" ind1=" " ind2=" "><subfield code="a">PubAg article</subfield></datafield><datafield tag="650" ind1=" " ind2="3"><subfield code="a">Cyathea</subfield></datafield><datafield tag="650" ind1=" " ind2="3"><subfield code="a">adults</subfield></datafield><datafield tag="650" ind1=" " ind2="3"><subfield code="a">adverse effects</subfield></datafield><datafield tag="650" ind1=" " ind2="3"><subfield code="a">biomass</subfield></datafield><datafield tag="650" ind1=" " ind2="3"><subfield code="a">experimental design</subfield></datafield><datafield tag="650" ind1=" " ind2="3"><subfield code="a">habitats</subfield></datafield><datafield tag="650" ind1=" " ind2="3"><subfield code="a">juveniles</subfield></datafield><datafield tag="650" ind1=" " ind2="3"><subfield code="a">models</subfield></datafield><datafield tag="650" ind1=" " ind2="3"><subfield code="a">montane forests</subfield></datafield><datafield tag="650" ind1=" " ind2="3"><subfield code="a">shade tolerance</subfield></datafield><datafield tag="650" ind1=" " ind2="3"><subfield code="a">spatial variation</subfield></datafield><datafield tag="650" ind1=" " ind2="3"><subfield code="a">spore dispersal</subfield></datafield><datafield tag="650" ind1=" " ind2="3"><subfield code="a">tree ferns</subfield></datafield><datafield tag="650" ind1=" " ind2="3"><subfield code="a">trees</subfield></datafield><datafield tag="650" ind1=" " ind2="3"><subfield code="a">tropical forests</subfield></datafield><datafield tag="651" ind1=" " ind2="3"><subfield code="a">Ecuador</subfield></datafield><datafield tag="653" ind1=" " ind2="0"><subfield code="a">Negative density dependence</subfield></datafield><datafield tag="653" ind1=" " ind2="0"><subfield code="a">Large-scale heterogeneity</subfield></datafield><datafield tag="653" ind1=" " ind2="0"><subfield code="a">Case–control</subfield></datafield><datafield tag="653" ind1=" " ind2="0"><subfield code="a">Point pattern analysis</subfield></datafield><datafield tag="653" ind1=" " ind2="0"><subfield code="a">Tree ferns</subfield></datafield><datafield tag="700" ind1="1" ind2=" "><subfield code="a">De la Cruz, Marcelino</subfield><subfield code="e">author</subfield><subfield code="u">Área de Biodiversidad y Conservación, Universidad Rey Juan Carlos, E-28933 Móstoles, Spain</subfield></datafield><datafield tag="700" ind1="1" ind2=" "><subfield code="a">Vicuña, Rafael</subfield><subfield code="e">author</subfield><subfield code="u">Instituto de Ecología, Universidad Técnica Particular de Loja, CP: 11-01-608 Loja, Ecuador</subfield><subfield code="1">https://orcid.org/0000-0002-3337-3642</subfield></datafield><datafield tag="700" ind1="1" ind2=" "><subfield code="a">Tapia, Karla</subfield><subfield code="e">author</subfield><subfield code="u">Instituto de Ecología, Universidad Técnica Particular de Loja, CP: 11-01-608 Loja, Ecuador</subfield></datafield><datafield tag="700" ind1="1" ind2=" "><subfield code="a">Escudero, Adrián</subfield><subfield code="e">author</subfield><subfield code="u">Área de Biodiversidad y Conservación, Universidad Rey Juan Carlos, E-28933 Móstoles, Spain</subfield></datafield><datafield tag="773" ind1="0" ind2=" "><subfield code="t">Perspectives in plant ecology, evolution and systematics.</subfield><subfield code="g">2014 Apr. 20, v. 16, no. 2 p.52-63</subfield><subfield code="d">Elsevier GmbH</subfield><subfield code="a">Geobotanisches Institut ETH, Stiftung Ruebel</subfield><subfield code="w">Journal:J000000130</subfield><subfield code="x">1433-8319</subfield><subfield code="7">nnas</subfield></datafield><datafield tag="787" ind1="1" ind2=" "><subfield code="o">islandora_article_repository</subfield></datafield><datafield tag="787" ind1="1" ind2=" "><subfield code="o">product_pubag</subfield></datafield><datafield tag="787" ind1="1" ind2=" "><subfield code="o">(Journal)J000000130</subfield></datafield><datafield tag="856" ind1="4" ind2="0"><subfield code="u">https://dx.doi.org/10.1/j.ppees.2014.02.003</subfield><subfield code="3">Available from publisher's site</subfield></datafield><datafield tag="912" ind1=" " ind2=" "><subfield code="a">Article</subfield></datafield><datafield tag="914" ind1=" " ind2=" "><subfield code="a">Journal:J000000130</subfield><subfield code="b">1433-8319</subfield><subfield code="c">16</subfield><subfield code="e">52</subfield></datafield><datafield tag="914" ind1=" " ind2=" "><subfield code="f">Perspectives in plant ecology, evolution and systematics</subfield></datafield><datafield tag="916" ind1=" " ind2=" "><subfield code="a">Batch:1507</subfield></datafield><datafield tag="917" ind1=" " ind2=" "><subfield code="a">issued</subfield></datafield><datafield tag="918" ind1="2" ind2=" "><subfield code="a">Elsevier Consyn</subfield><subfield code="e">provider</subfield><subfield code="5">DNAL</subfield></datafield><datafield tag="935" ind1=" " ind2=" "><subfield code="a">IND605437629</subfield><subfield code="9">ExL</subfield></datafield><datafield tag="949" ind1=" " ind2=" "><subfield code="a">2019-04-11</subfield></datafield><datafield tag="953" ind1=" " ind2=" "><subfield code="a" >/data/metadata/incoming/consyn-backfiles/46-2-00097-HEAD-ONLY.zip</subfield></datafield><datafield tag="954" ind1=" " ind2=" "><subfield code="a" >file:/data/metadata/staging/consyn-backfiles/S1433831914000171.xml</subfield></datafield><datafield tag="955" ind1=" " ind2=" "><subfield code="a">/data/metadata/staging/consyn-backfiles/</subfield></datafield><datafield tag="974" ind1=" " ind2=" "><subfield code="a">agid:5437629</subfield></datafield><datafield tag="983" ind1=" " ind2=" "><subfield code="a">2019-04-11</subfield></datafield><datafield tag="984" ind1=" " ind2=" "><subfield code="a">2019-04-11</subfield></datafield></record>