<record><leader>04407nab a2200721 u 4500</leader><controlfield tag="001">9915894312707426</controlfield><controlfield tag="005">20221116150753.0</controlfield><controlfield tag="008">190411e201512 xx |||||o|||||||||||eng||</controlfield><datafield tag="" ind1="7" ind2=" "><subfield code="a">IND605437695</subfield><subfield code="2">DNAL</subfield></datafield><datafield tag="024" ind1="7" ind2=" "><subfield code="a">10.1/j.ppees.2015.09.004</subfield><subfield code="2">doi</subfield></datafield><datafield tag="035" ind1=" " ind2=" "><subfield code="a">agid:5437695-01nal_inst</subfield></datafield><datafield tag="040" ind1=" " ind2=" "><subfield code="a">AGL</subfield><subfield code="b">eng</subfield><subfield code="c">AGL</subfield></datafield><datafield tag="100" ind1="1" ind2=" "><subfield code="a">Vega-Frutis, Rocío</subfield><subfield code="e">author</subfield><subfield code="u">Red de Biología Evolutiva, Instituto de Ecología, A.C., Carretera Antigua a Coatepec 351, El Haya, C.P 91070 Xalapa, Veracruz, Mexico</subfield></datafield><datafield tag="245" ind1="1" ind2="0"><subfield code="a">Have male trees of the tropical rain forest evolved to minimize the interactions with mycorrhizal symbionts?</subfield></datafield><datafield tag="300" ind1=" " ind2=" "><subfield code="a">p. 444-453.</subfield></datafield><datafield tag="520" ind1=" " ind2=" "><subfield code="a">While arbuscular mycorrhizal fungi improve plant performance they demand large shares of the plant's assimilated carbon, therefore resource allocation trade-offs may drive the commonly observed sexual dimorphism in mycorrhizal colonization in dioecious species. Here we looked for evidence of the evolutionary reduction of mycorrhizal colonization in males of 15 tropical rain forest plants including palms (Chamaedorea) and trees, light-demanding and shade-tolerant species. For none of the analyzed species there was evidence of spatial segregation of the sexes. Most of the tree species had no seasonal variability in mycorrhizal colonization and males had lower mycorrhizal colonization than females in over 70% of the tree species. In contrast, there were no differences between the sexes of the Chamaedorea species. Chamaedorea species had ticker roots and lower specific root length than trees, and seasonal patterns of mycorrhizal colonization correlated with the life-histories of the plants. Based on phylogenetically independent contrast, mycorrhizal colonization of male trees correlated negatively with a metric of sexual differentiation of mycorrhizal colonization between sexes. Our results suggest an evolutionary reduction in the intensity of mycorrhizal interactions in male plants, presumably driven by resource allocation trade-offs as the origen of sexual dimorphs in mycorrhizal colonization.</subfield></datafield><datafield tag="592" ind1=" " ind2=" "><subfield code="a">Publisher supplied data</subfield></datafield><datafield tag="593" ind1=" " ind2=" "><subfield code="a">PubAg article</subfield></datafield><datafield tag="650" ind1=" " ind2="3"><subfield code="a">Chamaedorea</subfield></datafield><datafield tag="650" ind1=" " ind2="3"><subfield code="a">carbon</subfield></datafield><datafield tag="650" ind1=" " ind2="3"><subfield code="a">correlation</subfield></datafield><datafield tag="650" ind1=" " ind2="3"><subfield code="a">dioecy</subfield></datafield><datafield tag="650" ind1=" " ind2="3"><subfield code="a">females</subfield></datafield><datafield tag="650" ind1=" " ind2="3"><subfield code="a">males</subfield></datafield><datafield tag="650" ind1=" " ind2="3"><subfield code="a">mycorrhizal fungi</subfield></datafield><datafield tag="650" ind1=" " ind2="3"><subfield code="a">phylogeny</subfield></datafield><datafield tag="650" ind1=" " ind2="3"><subfield code="a">resource allocation</subfield></datafield><datafield tag="650" ind1=" " ind2="3"><subfield code="a">roots</subfield></datafield><datafield tag="650" ind1=" " ind2="3"><subfield code="a">seasonal variation</subfield></datafield><datafield tag="650" ind1=" " ind2="3"><subfield code="a">sexual development</subfield></datafield><datafield tag="650" ind1=" " ind2="3"><subfield code="a">sexual dimorphism</subfield></datafield><datafield tag="650" ind1=" " ind2="3"><subfield code="a">shade tolerance</subfield></datafield><datafield tag="650" ind1=" " ind2="3"><subfield code="a">symbionts</subfield></datafield><datafield tag="650" ind1=" " ind2="3"><subfield code="a">trees</subfield></datafield><datafield tag="650" ind1=" " ind2="3"><subfield code="a">tropical rain forests</subfield></datafield><datafield tag="653" ind1=" " ind2="0"><subfield code="a">Dioecy</subfield></datafield><datafield tag="653" ind1=" " ind2="0"><subfield code="a">Evolution of mutualisms</subfield></datafield><datafield tag="653" ind1=" " ind2="0"><subfield code="a">Length of hyphae</subfield></datafield><datafield tag="653" ind1=" " ind2="0"><subfield code="a">Los Tuxtlas</subfield></datafield><datafield tag="653" ind1=" " ind2="0"><subfield code="a">Plant–fungus interactions</subfield></datafield><datafield tag="653" ind1=" " ind2="0"><subfield code="a">Tropical rain forest</subfield></datafield><datafield tag="700" ind1="1" ind2=" "><subfield code="a">López, Juan Carlos</subfield><subfield code="e">author</subfield><subfield code="u">Centro de Investigaciones Tropicales (CITRO), Universidad Veracruzana, Ex-Hacienda Lucas Martín, Privada Araucarias, C.P 91110 Xalapa, Veracruz, Mexico</subfield></datafield><datafield tag="700" ind1="1" ind2=" "><subfield code="a">Flandes, Citlalli</subfield><subfield code="e">author</subfield><subfield code="u">Red de Biología Evolutiva, Instituto de Ecología, A.C., Carretera Antigua a Coatepec 351, El Haya, C.P 91070 Xalapa, Veracruz, Mexico</subfield></datafield><datafield tag="700" ind1="1" ind2=" "><subfield code="a">Guevara, Roger</subfield><subfield code="e">author</subfield><subfield code="u">Red de Biología Evolutiva, Instituto de Ecología, A.C., Carretera Antigua a Coatepec 351, El Haya, C.P 91070 Xalapa, Veracruz, Mexico</subfield></datafield><datafield tag="773" ind1="0" ind2=" "><subfield code="t">Perspectives in plant ecology, evolution and systematics.</subfield><subfield code="g">2015 Dec., v. 17, no. 6 p.444-453</subfield><subfield code="d">Elsevier GmbH</subfield><subfield code="a">Geobotanisches Institut ETH, Stiftung Ruebel</subfield><subfield code="w">Journal:J000000130</subfield><subfield code="x">1433-8319</subfield><subfield code="7">nnas</subfield></datafield><datafield tag="787" ind1="1" ind2=" "><subfield code="o">islandora_article_repository</subfield></datafield><datafield tag="787" ind1="1" ind2=" "><subfield code="o">product_pubag</subfield></datafield><datafield tag="787" ind1="1" ind2=" "><subfield code="o">(Journal)J000000130</subfield></datafield><datafield tag="856" ind1="4" ind2="0"><subfield code="u">https://dx.doi.org/10.1/j.ppees.2015.09.004</subfield><subfield code="3">Available from publisher's site</subfield></datafield><datafield tag="912" ind1=" " ind2=" "><subfield code="a">Article</subfield></datafield><datafield tag="914" ind1=" " ind2=" "><subfield code="a">Journal:J000000130</subfield><subfield code="b">1433-8319</subfield><subfield code="c">17</subfield><subfield code="e">444</subfield></datafield><datafield tag="914" ind1=" " ind2=" "><subfield code="f">Perspectives in plant ecology, evolution and systematics</subfield></datafield><datafield tag="916" ind1=" " ind2=" "><subfield code="a">Batch:1507</subfield></datafield><datafield tag="917" ind1=" " ind2=" "><subfield code="a">issued</subfield></datafield><datafield tag="918" ind1="2" ind2=" "><subfield code="a">Elsevier Consyn</subfield><subfield code="e">provider</subfield><subfield code="5">DNAL</subfield></datafield><datafield tag="935" ind1=" " ind2=" "><subfield code="a">IND605437695</subfield><subfield code="9">ExL</subfield></datafield><datafield tag="949" ind1=" " ind2=" "><subfield code="a">2019-04-11</subfield></datafield><datafield tag="953" ind1=" " ind2=" "><subfield code="a" >/data/metadata/incoming/consyn-backfiles/46-2-00097-HEAD-ONLY.zip</subfield></datafield><datafield tag="954" ind1=" " ind2=" "><subfield code="a" >file:/data/metadata/staging/consyn-backfiles/S1433831915300044.xml</subfield></datafield><datafield tag="955" ind1=" " ind2=" "><subfield code="a">/data/metadata/staging/consyn-backfiles/</subfield></datafield><datafield tag="974" ind1=" " ind2=" "><subfield code="a">agid:5437695</subfield></datafield><datafield tag="983" ind1=" " ind2=" "><subfield code="a">2019-04-11</subfield></datafield><datafield tag="984" ind1=" " ind2=" "><subfield code="a">2019-04-11</subfield></datafield></record>