<record><leader>04882nab a2200661 u 4500</leader><controlfield tag="001">9915894319007426</controlfield><controlfield tag="005">20221116150621.0</controlfield><controlfield tag="008">190411e201504 xx |||||o|||||||||||eng||</controlfield><datafield tag="" ind1="7" ind2=" "><subfield code="a">IND605437664</subfield><subfield code="2">DNAL</subfield></datafield><datafield tag="024" ind1="7" ind2=" "><subfield code="a">10.1/j.ppees.2015.01.002</subfield><subfield code="2">doi</subfield></datafield><datafield tag="035" ind1=" " ind2=" "><subfield code="a">agid:5437664-01nal_inst</subfield></datafield><datafield tag="040" ind1=" " ind2=" "><subfield code="a">AGL</subfield><subfield code="b">eng</subfield><subfield code="c">AGL</subfield></datafield><datafield tag="100" ind1="1" ind2=" "><subfield code="a">dos Santos, Anita Stival</subfield><subfield code="e">author</subfield><subfield code="u">Programa de Pós-Graduação em Botânica, Instituto de Biociências, Universidade Federal do Rio Grande do Sul (UFRGS), Av. Bento Gonçalves 9500, CEP 91501-970, Bloco IV, Prédio 43.433, Porto Alegre, RS, Brazil</subfield></datafield><datafield tag="245" ind1="1" ind2="0"><subfield code="a">Interactive effects of environmental filtering predict beta-diversity patterns in a subtropical forest metacommunity</subfield></datafield><datafield tag="300" ind1=" " ind2=" "><subfield code="a">p. 96-106.</subfield></datafield><datafield tag="520" ind1=" " ind2=" "><subfield code="a">The metacommunity framework offers a possibility to better understand how ecological processes influence patterns of species diversity along environmental gradients. The species-sorting perspective predicts that community composition varies in response to differences in environmental conditions among habitat patches. Our study focused on this perspective, aiming to understand how environmental filtering processes interact directly and indirectly on diversity patterns in an area of 95,000km2 (data from 432 forest plots). We employed structural equation modeling (PLS path modeling) to disentangle the interactive effects of topography, climate, water-energy balance, and geometry of forest patches upon the alpha and beta diversity of a subtropical forest metacommunity in southern Brazil. Factors related to environmental filtering showed substantial effects upon tree alpha and beta diversity. The total amount of variation in beta diversity explained by environmental filtering was high (64%) and was even more when together with alpha diversity (73%), corroborating the prediction of species-sorting model at the metacommunity level. Climatic extremes, water-energy balance and alpha diversity were the key determinants of beta diversity and patch size and water-energy balance the key determinants of alpha diversity in the South Brazilian Atlantic forests. Partial mantel test showed that environmental effects occurred largely independent of spatial effects, reinforcing the tested prediction. Our study provides strong empirical support for the prediction that beta diversity primarily reflects deterministic factors associated with species niches and their responses to environmental conditions in the studied spatial scale.</subfield></datafield><datafield tag="592" ind1=" " ind2=" "><subfield code="a">Publisher supplied data</subfield></datafield><datafield tag="593" ind1=" " ind2=" "><subfield code="a">PubAg article</subfield></datafield><datafield tag="650" ind1=" " ind2="3"><subfield code="a">climate</subfield></datafield><datafield tag="650" ind1=" " ind2="3"><subfield code="a">community structure</subfield></datafield><datafield tag="650" ind1=" " ind2="3"><subfield code="a">environmental factors</subfield></datafield><datafield tag="650" ind1=" " ind2="3"><subfield code="a">forests</subfield></datafield><datafield tag="650" ind1=" " ind2="3"><subfield code="a">geometry</subfield></datafield><datafield tag="650" ind1=" " ind2="3"><subfield code="a">models</subfield></datafield><datafield tag="650" ind1=" " ind2="3"><subfield code="a">niches</subfield></datafield><datafield tag="650" ind1=" " ind2="3"><subfield code="a">prediction</subfield></datafield><datafield tag="650" ind1=" " ind2="3"><subfield code="a">species diversity</subfield></datafield><datafield tag="650" ind1=" " ind2="3"><subfield code="a">structural equation modeling</subfield></datafield><datafield tag="650" ind1=" " ind2="3"><subfield code="a">topography</subfield></datafield><datafield tag="650" ind1=" " ind2="3"><subfield code="a">trees</subfield></datafield><datafield tag="651" ind1=" " ind2="3"><subfield code="a">Brazil</subfield></datafield><datafield tag="653" ind1=" " ind2="0"><subfield code="a">Alpha diversity</subfield></datafield><datafield tag="653" ind1=" " ind2="0"><subfield code="a">Atlantic forest</subfield></datafield><datafield tag="653" ind1=" " ind2="0"><subfield code="a">Climatic variation</subfield></datafield><datafield tag="653" ind1=" " ind2="0"><subfield code="a">Species sorting</subfield></datafield><datafield tag="653" ind1=" " ind2="0"><subfield code="a">Structural equation modeling</subfield></datafield><datafield tag="700" ind1="1" ind2=" "><subfield code="a">Saraiva, Daniel Dutra</subfield><subfield code="e">author</subfield><subfield code="u">Programa de Pós-Graduação em Botânica, Instituto de Biociências, Universidade Federal do Rio Grande do Sul (UFRGS), Av. Bento Gonçalves 9500, CEP 91501-970, Bloco IV, Prédio 43.433, Porto Alegre, RS, Brazil</subfield></datafield><datafield tag="700" ind1="1" ind2=" "><subfield code="a">Müller, Sandra Cristina</subfield><subfield code="e">author</subfield><subfield code="u">Departamento de Ecologia, Instituto de Biociências, Universidade Federal do Rio Grande do Sul (UFRGS), Av. Bento Gonçalves 9500, CEP 91540-000, Prédio 43.411, Porto Alegre, RS, Brazil</subfield></datafield><datafield tag="700" ind1="1" ind2=" "><subfield code="a">Overbeck, Gerhard Ernst</subfield><subfield code="e">author</subfield><subfield code="u">Programa de Pós-Graduação em Botânica, Instituto de Biociências, Universidade Federal do Rio Grande do Sul (UFRGS), Av. Bento Gonçalves 9500, CEP 91501-970, Bloco IV, Prédio 43.433, Porto Alegre, RS, Brazil</subfield></datafield><datafield tag="773" ind1="0" ind2=" "><subfield code="t">Perspectives in plant ecology, evolution and systematics.</subfield><subfield code="g">2015 Apr., v. 17, no. 2 p.96-106</subfield><subfield code="d">Elsevier GmbH</subfield><subfield code="a">Geobotanisches Institut ETH, Stiftung Ruebel</subfield><subfield code="w">Journal:J000000130</subfield><subfield code="x">1433-8319</subfield><subfield code="7">nnas</subfield></datafield><datafield tag="787" ind1="1" ind2=" "><subfield code="o">islandora_article_repository</subfield></datafield><datafield tag="787" ind1="1" ind2=" "><subfield code="o">product_pubag</subfield></datafield><datafield tag="787" ind1="1" ind2=" "><subfield code="o">(Journal)J000000130</subfield></datafield><datafield tag="856" ind1="4" ind2="0"><subfield code="u">https://dx.doi.org/10.1/j.ppees.2015.01.002</subfield><subfield code="3">Available from publisher's site</subfield></datafield><datafield tag="912" ind1=" " ind2=" "><subfield code="a">Article</subfield></datafield><datafield tag="914" ind1=" " ind2=" "><subfield code="a">Journal:J000000130</subfield><subfield code="b">1433-8319</subfield><subfield code="c">17</subfield><subfield code="e">96</subfield></datafield><datafield tag="914" ind1=" " ind2=" "><subfield code="f">Perspectives in plant ecology, evolution and systematics</subfield></datafield><datafield tag="916" ind1=" " ind2=" "><subfield code="a">Batch:1507</subfield></datafield><datafield tag="917" ind1=" " ind2=" "><subfield code="a">issued</subfield></datafield><datafield tag="918" ind1="2" ind2=" "><subfield code="a">Elsevier Consyn</subfield><subfield code="e">provider</subfield><subfield code="5">DNAL</subfield></datafield><datafield tag="935" ind1=" " ind2=" "><subfield code="a">IND605437664</subfield><subfield code="9">ExL</subfield></datafield><datafield tag="949" ind1=" " ind2=" "><subfield code="a">2019-04-11</subfield></datafield><datafield tag="953" ind1=" " ind2=" "><subfield code="a" >/data/metadata/incoming/consyn-backfiles/46-2-00097-HEAD-ONLY.zip</subfield></datafield><datafield tag="954" ind1=" " ind2=" "><subfield code="a" >file:/data/metadata/staging/consyn-backfiles/S1433831915000116.xml</subfield></datafield><datafield tag="955" ind1=" " ind2=" "><subfield code="a">/data/metadata/staging/consyn-backfiles/</subfield></datafield><datafield tag="974" ind1=" " ind2=" "><subfield code="a">agid:5437664</subfield></datafield><datafield tag="983" ind1=" " ind2=" "><subfield code="a">2019-04-11</subfield></datafield><datafield tag="984" ind1=" " ind2=" "><subfield code="a">2019-04-11</subfield></datafield></record>