<record><leader>03726nab a2200637 u 4500</leader><controlfield tag="001">9915894328307426</controlfield><controlfield tag="005">20221116150549.0</controlfield><controlfield tag="008">170712e201004 xx |||||o|||||||||||eng||</controlfield><datafield tag="" ind1="7" ind2=" "><subfield code="a">IND605712231</subfield><subfield code="2">DNAL</subfield></datafield><datafield tag="024" ind1="7" ind2=" "><subfield code="a">10.1890/08-1808.1</subfield><subfield code="2">doi</subfield></datafield><datafield tag="035" ind1=" " ind2=" "><subfield code="a">agid:5712231-01nal_inst</subfield></datafield><datafield tag="040" ind1=" " ind2=" "><subfield code="a">AGL</subfield><subfield code="b">eng</subfield><subfield code="c">AGL</subfield></datafield><datafield tag="100" ind1="1" ind2=" "><subfield code="a">Poulos, Helen M.</subfield><subfield code="e">author</subfield></datafield><datafield tag="245" ind1="1" ind2="0"><subfield code="a">Topographic influences on vegetation mosaics and tree diversity in the Chihuahuan Desert Borderlands</subfield></datafield><datafield tag="300" ind1=" " ind2=" "><subfield code="a">p. 1140-1151.</subfield></datafield><datafield tag="500" ind1=" " ind2=" "><subfield code="a">JOURNAL ARTICLE</subfield></datafield><datafield tag="500" ind1=" " ind2=" "><subfield code="a">2019-12-06</subfield></datafield><datafield tag="520" ind1=" " ind2=" "><subfield code="a">The abundance and distribution of species reflect how the niche requirements of species and the dynamics of populations interact with spatial and temporal variation in the environment. This study investigated the influence of geographical variation in environmental site conditions on tree dominance and diversity patterns in three topographically dissected mountain ranges in west Texas, USA, and northern Mexico. We measured tree abundance and basal area using a systematic sampling design across the forested areas of three mountain ranges and related these data to a suite of environmental parameters derived from field and digital elevation model data. We employed cluster analysis, classification and regression trees (CART), and rarefaction to identify (1) the dominant forest cover types across the three study sites and (2) environmental influences on tree distribution and diversity patterns. Elevation, topographic position, and incident solar radiation were the major influences on tree dominance and diversity. Mesic valley bottoms hosted high‐diversity vegetation types, while hotter and drier mid‐slopes and ridgetops supported lower tree diversity. Valley bottoms and other topographic positions shared few species, indicating high species turnover at the landscape scale. Mountain ranges with high topographic complexity also had higher species richness, suggesting that geographical variability in environmental conditions was a major influence on tree diversity. This study stressed the importance of landscape‐ and regional‐scale topographic variability as a key factor controlling vegetation pattern and diversity in southwestern North America.</subfield></datafield><datafield tag="592" ind1=" " ind2=" "><subfield code="a">Publisher supplied data</subfield></datafield><datafield tag="593" ind1=" " ind2=" "><subfield code="a">PubAg article</subfield></datafield><datafield tag="650" ind1=" " ind2="3"><subfield code="a">temporal variation</subfield></datafield><datafield tag="650" ind1=" " ind2="3"><subfield code="a">topography</subfield></datafield><datafield tag="650" ind1=" " ind2="3"><subfield code="a">digital elevation models</subfield></datafield><datafield tag="650" ind1=" " ind2="3"><subfield code="a">solar radiation</subfield></datafield><datafield tag="650" ind1=" " ind2="3"><subfield code="a">landscapes</subfield></datafield><datafield tag="650" ind1=" " ind2="3"><subfield code="a">geographical variation</subfield></datafield><datafield tag="650" ind1=" " ind2="3"><subfield code="a">mountains</subfield></datafield><datafield tag="650" ind1=" " ind2="3"><subfield code="a">cluster analysis</subfield></datafield><datafield tag="650" ind1=" " ind2="3"><subfield code="a">environmental factors</subfield></datafield><datafield tag="650" ind1=" " ind2="3"><subfield code="a">trees</subfield></datafield><datafield tag="650" ind1=" " ind2="3"><subfield code="a">species diversity</subfield></datafield><datafield tag="650" ind1=" " ind2="3"><subfield code="a">stand basal area</subfield></datafield><datafield tag="650" ind1=" " ind2="3"><subfield code="a">forests</subfield></datafield><datafield tag="651" ind1=" " ind2="3"><subfield code="a">Texas</subfield></datafield><datafield tag="651" ind1=" " ind2="3"><subfield code="a">Chihuahuan Desert</subfield></datafield><datafield tag="651" ind1=" " ind2="3"><subfield code="a">Mexico</subfield></datafield><datafield tag="653" ind1=" " ind2="0"><subfield code="a">basal area</subfield></datafield><datafield tag="700" ind1="1" ind2=" "><subfield code="a">Camp, Ann E.</subfield><subfield code="e">author</subfield><subfield code="u">Yale School of Forestry and Environmental Studies, New Haven, Connecticut 06511 USA. hpoulos@wesleyan.edu</subfield></datafield><datafield tag="773" ind1="0" ind2=" "><subfield code="t">Ecology.</subfield><subfield code="g">2010 Apr., v. 91, no. 4 p.1140-1151</subfield><subfield code="d">Ecological Society of America</subfield><subfield code="x">0012-9658</subfield><subfield code="7">nnas</subfield></datafield><datafield tag="787" ind1="1" ind2=" "><subfield code="o">islandora_article_repository</subfield></datafield><datafield tag="787" ind1="1" ind2=" "><subfield code="o">product_pubag</subfield></datafield><datafield tag="787" ind1="1" ind2=" "><subfield code="o">(Journal)jnl46164</subfield></datafield><datafield tag="856" ind1="4" ind2="0"><subfield code="u">http://dx.doi.org/10.1890/08-1808.1</subfield><subfield code="3">Available from publisher's site</subfield></datafield><datafield tag="912" ind1=" " ind2=" "><subfield code="a">Article</subfield></datafield><datafield tag="914" ind1=" " ind2=" "><subfield code="a">Journal:jnl46164</subfield><subfield code="b">0012-9658</subfield><subfield code="c">91</subfield><subfield code="d">4</subfield><subfield code="e">1140</subfield></datafield><datafield tag="914" ind1=" " ind2=" "><subfield code="f">Ecology</subfield></datafield><datafield tag="916" ind1=" " ind2=" "><subfield code="a">Batch:1792</subfield></datafield><datafield tag="917" ind1=" " ind2=" "><subfield code="a">issued</subfield></datafield><datafield tag="918" ind1="2" ind2=" "><subfield code="a">John Wiley &amp; Sons, Inc</subfield><subfield code="e">provider</subfield><subfield code="5">DNAL</subfield></datafield><datafield tag="935" ind1=" " ind2=" "><subfield code="a">IND605712231</subfield><subfield code="9">ExL</subfield></datafield><datafield tag="949" ind1=" " ind2=" "><subfield code="a">2017-08-28</subfield></datafield><datafield tag="953" ind1=" " ind2=" "><subfield code="a">00129658_2010_91_4.xml</subfield></datafield><datafield tag="962" ind1=" " ind2=" "><subfield code="a">Batch:1792 reviewed on 2017-08-28T11:00:03Z</subfield></datafield><datafield tag="974" ind1=" " ind2=" "><subfield code="a">agid:5712231</subfield></datafield><datafield tag="983" ind1=" " ind2=" "><subfield code="a">2017-07-12</subfield></datafield><datafield tag="984" ind1=" " ind2=" "><subfield code="a">2017-08-28</subfield></datafield></record>