<record><leader>05309nab a2200673 u 4500</leader><controlfield tag="001">9915894621707426</controlfield><controlfield tag="005">20221116151049.0</controlfield><controlfield tag="008">190411e201702 xx |||||o|||||||||||eng||</controlfield><datafield tag="" ind1="7" ind2=" "><subfield code="a">IND605599240</subfield><subfield code="2">DNAL</subfield></datafield><datafield tag="024" ind1="7" ind2=" "><subfield code="a">10.1/j.ppees.2.12.001</subfield><subfield code="2">doi</subfield></datafield><datafield tag="035" ind1=" " ind2=" "><subfield code="a">agid:5599240-01nal_inst</subfield></datafield><datafield tag="040" ind1=" " ind2=" "><subfield code="a">AGL</subfield><subfield code="b">eng</subfield><subfield code="c">AGL</subfield></datafield><datafield tag="100" ind1="1" ind2=" "><subfield code="a">Deniau, Maud</subfield><subfield code="e">author</subfield><subfield code="u">University of Rennes 1, Centre National de la Recherche Scientifique, Research Unit UMR 6553 ‘Ecosystems, Biodiversity, Evolution’, Campus Beaulieu, Bâtiment 14A, 263 Av. du Général Leclerc, 35042 Rennes cedex, France</subfield></datafield><datafield tag="245" ind1="1" ind2="0"><subfield code="a">Janzen-Connell patterns are not the result of Janzen-Connell process: Oak recruitment in temperate forests</subfield></datafield><datafield tag="300" ind1=" " ind2=" "><subfield code="a">p. 72-79.</subfield></datafield><datafield tag="520" ind1=" " ind2=" "><subfield code="a">According to the Janzen-Connell hypothesis, seedling mortality is greater close to conspecific (or closely related) adult trees because of higher enemy pressure, ultimately increasing local tree-species diversity. However, this pattern (i.e. a decline of seedling performance close to conspecific or closely related adults) could also result from other processes: (1) heterospecific adults might positively affect seedlings; (2) conspecific (or closely related) adults might negatively affect seedlings by causing a deterioration of the microenvironment. We tested these hypotheses, accounting also for sizes of adults. We planted oak-seedlings in a temperate forest, characterized their adult neighbourhoods, measured 26 microenvironmental conditions, seedling mortality during one year, budburst and leaf herbivory. We detected Janzen-Connell-like patterns (frequent lack of budburst close to conspecific adults; high seedling mortality close to closely related adults) that were consistent with the Janzen-Connell process. However, these patterns were either counteracted by non-Janzen-Connell processes such as a favourable microenvironment or were weak with little explained variance. We detected Janzen-Connell-like patterns that were not consistent with the Janzen-Connell process: proximity to heterospecific adults per se decreased leaf herbivory partly due to microenvironmental effects, such that a lower leaf herbivory decreased seedling mortality. Overall, the spatial pattern of tree recruitment may resemble that predicted by Janzen-Connell but result from different processes: notably heterospecific adults creating refuges from enemies, facilitating the establishment of oaks below non-oaks without hindering their establishment below oaks.</subfield></datafield><datafield tag="592" ind1=" " ind2=" "><subfield code="a">Publisher supplied data</subfield></datafield><datafield tag="593" ind1=" " ind2=" "><subfield code="a">PubAg article</subfield></datafield><datafield tag="650" ind1=" " ind2="3"><subfield code="a">Quercus</subfield></datafield><datafield tag="650" ind1=" " ind2="3"><subfield code="a">adults</subfield></datafield><datafield tag="650" ind1=" " ind2="3"><subfield code="a">herbivores</subfield></datafield><datafield tag="650" ind1=" " ind2="3"><subfield code="a">leaves</subfield></datafield><datafield tag="650" ind1=" " ind2="3"><subfield code="a">mature plants</subfield></datafield><datafield tag="650" ind1=" " ind2="3"><subfield code="a">mortality</subfield></datafield><datafield tag="650" ind1=" " ind2="3"><subfield code="a">planting</subfield></datafield><datafield tag="650" ind1=" " ind2="3"><subfield code="a">seedlings</subfield></datafield><datafield tag="650" ind1=" " ind2="3"><subfield code="a">species recruitment</subfield></datafield><datafield tag="650" ind1=" " ind2="3"><subfield code="a">temperate forests</subfield></datafield><datafield tag="650" ind1=" " ind2="3"><subfield code="a">variance</subfield></datafield><datafield tag="653" ind1=" " ind2="0"><subfield code="a">Budburst</subfield></datafield><datafield tag="653" ind1=" " ind2="0"><subfield code="a">Community dynamics</subfield></datafield><datafield tag="653" ind1=" " ind2="0"><subfield code="a">Intraspecific and interspecific facilitation</subfield></datafield><datafield tag="653" ind1=" " ind2="0"><subfield code="a">Leaf herbivory</subfield></datafield><datafield tag="653" ind1=" " ind2="0"><subfield code="a">Plant population</subfield></datafield><datafield tag="653" ind1=" " ind2="0"><subfield code="a">Quercus sp.</subfield></datafield><datafield tag="700" ind1="1" ind2=" "><subfield code="a">Jung, Vincent</subfield><subfield code="e">author</subfield><subfield code="u">University of Rennes 1, Centre National de la Recherche Scientifique, Research Unit UMR 6553 ‘Ecosystems, Biodiversity, Evolution’, Campus Beaulieu, Bâtiment 14A, 263 Av. du Général Leclerc, 35042 Rennes cedex, France</subfield></datafield><datafield tag="700" ind1="1" ind2=" "><subfield code="a">Le Lann, Cécile</subfield><subfield code="e">author</subfield><subfield code="u">University of Rennes 1, Centre National de la Recherche Scientifique, Research Unit UMR 6553 ‘Ecosystems, Biodiversity, Evolution’, Campus Beaulieu, Bâtiment 14A, 263 Av. du Général Leclerc, 35042 Rennes cedex, France</subfield></datafield><datafield tag="700" ind1="1" ind2=" "><subfield code="a">Morra, Thibault</subfield><subfield code="e">author</subfield><subfield code="u">University of Rennes 1, Centre National de la Recherche Scientifique, Research Unit UMR 6553 ‘Ecosystems, Biodiversity, Evolution’, Campus Beaulieu, Bâtiment 14A, 263 Av. du Général Leclerc, 35042 Rennes cedex, France</subfield></datafield><datafield tag="700" ind1="1" ind2=" "><subfield code="a">Murray, Phil J.</subfield><subfield code="e">author</subfield><subfield code="u">Sustainable Soils and Grassland Systems Department, Rothamsted Research, North Wyke, Okehampton, Devon EX20 2SB, United Kingdom</subfield></datafield><datafield tag="700" ind1="1" ind2=" "><subfield code="a">Prinzing, Andreas</subfield><subfield code="e">author</subfield><subfield code="u">University of Rennes 1, Centre National de la Recherche Scientifique, Research Unit UMR 6553 ‘Ecosystems, Biodiversity, Evolution’, Campus Beaulieu, Bâtiment 14A, 263 Av. du Général Leclerc, 35042 Rennes cedex, France</subfield></datafield><datafield tag="773" ind1="0" ind2=" "><subfield code="t">Perspectives in plant ecology, evolution and systematics.</subfield><subfield code="g">2017 Feb., v. 24 p.72-79</subfield><subfield code="d">Elsevier GmbH</subfield><subfield code="w">Journal:J000000130</subfield><subfield code="x">1433-8319</subfield><subfield code="7">nnas</subfield></datafield><datafield tag="787" ind1="1" ind2=" "><subfield code="o">islandora_article_repository</subfield></datafield><datafield tag="787" ind1="1" ind2=" "><subfield code="o">product_pubag</subfield></datafield><datafield tag="787" ind1="1" ind2=" "><subfield code="o">(Journal)J000000130</subfield></datafield><datafield tag="856" ind1="4" ind2="0"><subfield code="u">https://dx.doi.org/10.1/j.ppees.2.12.001</subfield><subfield code="3">Available from publisher's site</subfield></datafield><datafield tag="912" ind1=" " ind2=" "><subfield code="a">Article</subfield></datafield><datafield tag="914" ind1=" " ind2=" "><subfield code="a">Journal:J000000130</subfield><subfield code="b">1433-8319</subfield></datafield><datafield tag="914" ind1=" " ind2=" "><subfield code="f">Perspectives in plant ecology, evolution and systematics</subfield></datafield><datafield tag="916" ind1=" " ind2=" "><subfield code="a">Batch:1751</subfield></datafield><datafield tag="917" ind1=" " ind2=" "><subfield code="a">issued</subfield></datafield><datafield tag="918" ind1="2" ind2=" "><subfield code="a">Elsevier Consyn</subfield><subfield code="e">provider</subfield><subfield code="5">DNAL</subfield></datafield><datafield tag="935" ind1=" " ind2=" "><subfield code="a">IND605599240</subfield><subfield code="9">ExL</subfield></datafield><datafield tag="949" ind1=" " ind2=" "><subfield code="a">2019-04-11</subfield></datafield><datafield tag="953" ind1=" " ind2=" "><subfield code="a" >/data/metadata/incoming/consyn-backfiles/46-2-00097-HEAD-ONLY.zip</subfield></datafield><datafield tag="954" ind1=" " ind2=" "><subfield code="a" >file:/data/metadata/staging/consyn-backfiles/S1433831916301469.xml</subfield></datafield><datafield tag="955" ind1=" " ind2=" "><subfield code="a">/data/metadata/staging/consyn-backfiles/</subfield></datafield><datafield tag="974" ind1=" " ind2=" "><subfield code="a">agid:5599240</subfield></datafield><datafield tag="983" ind1=" " ind2=" "><subfield code="a">2019-04-11</subfield></datafield><datafield tag="984" ind1=" " ind2=" "><subfield code="a">2019-04-11</subfield></datafield></record>