<record><leader>03906nab a2200781 u 4500</leader><controlfield tag="001">9915894644807426</controlfield><controlfield tag="005">20221116151111.0</controlfield><controlfield tag="008">170626e200810 xx |||||o|||||||||||eng||</controlfield><datafield tag="" ind1="7" ind2=" "><subfield code="a">IND44178720</subfield><subfield code="2">DNAL</subfield></datafield><datafield tag="024" ind1="7" ind2=" "><subfield code="a">18959322</subfield><subfield code="2">pmid</subfield></datafield><datafield tag="024" ind1="7" ind2=" "><subfield code="a">10.1890/07-1733.1</subfield><subfield code="2">doi</subfield></datafield><datafield tag="035" ind1=" " ind2=" "><subfield code="a">agid:2156920-01nal_inst</subfield></datafield><datafield tag="040" ind1=" " ind2=" "><subfield code="a">AGL</subfield><subfield code="b">eng</subfield><subfield code="c">AGL</subfield></datafield><datafield tag="100" ind1="1" ind2=" "><subfield code="a">Boyden, Suzanne</subfield><subfield code="e">author</subfield></datafield><datafield tag="245" ind1="1" ind2="0"><subfield code="a">Competition among eucalyptus trees depends on genetic variation and resource supply</subfield></datafield><datafield tag="300" ind1=" " ind2=" "><subfield code="a">p. 2850-2859.</subfield></datafield><datafield tag="500" ind1=" " ind2=" "><subfield code="a">JOURNAL ARTICLE</subfield></datafield><datafield tag="520" ind1=" " ind2=" "><subfield code="a">Genetic variation and environmental heterogeneity fundamentally shape the interactions between plants of the same species. According to the resource partitioning hypothesis, competition between neighbors intensifies as their similarity increases. Such competition may change in response to increasing supplies of limiting resources. We tested the resource partitioning hypothesis in stands of genetically identical (clone‐origin) and genetically diverse (seed‐origin) Eucalyptus trees with different water and nutrient supplies, using individual‐based tree growth models. We found that genetic variation greatly reduced competitive interactions between neighboring trees, supporting the resource partitioning hypothesis. The importance of genetic variation for Eucalyptus growth patterns depended strongly on local stand structure and focal tree size. This suggests that spatial and temporal variation in the strength of species interactions leads to reversals in the growth rank of seed‐origin and clone‐origin trees. This study is one of the first to experimentally test the resource partitioning hypothesis for intergenotypic vs. intragenotypic interactions in trees. We provide evidence that variation at the level of genes, and not just species, is functionally important for driving individual and community‐level processes in forested ecosystems.</subfield></datafield><datafield tag="592" ind1=" " ind2=" "><subfield code="a">Publisher supplied data</subfield></datafield><datafield tag="593" ind1=" " ind2=" "><subfield code="a">PubAg article</subfield></datafield><datafield tag="650" ind1=" " ind2="3"><subfield code="a">Eucalyptus</subfield></datafield><datafield tag="650" ind1=" " ind2="3"><subfield code="a">forest trees</subfield></datafield><datafield tag="650" ind1=" " ind2="3"><subfield code="a">tropical forests</subfield></datafield><datafield tag="650" ind1=" " ind2="3"><subfield code="a">forest plantations</subfield></datafield><datafield tag="650" ind1=" " ind2="3"><subfield code="a">population genetics</subfield></datafield><datafield tag="650" ind1=" " ind2="3"><subfield code="a">genetic variation</subfield></datafield><datafield tag="650" ind1=" " ind2="3"><subfield code="a">clones</subfield></datafield><datafield tag="650" ind1=" " ind2="3"><subfield code="a">plant competition</subfield></datafield><datafield tag="650" ind1=" " ind2="3"><subfield code="a">environmental factors</subfield></datafield><datafield tag="650" ind1=" " ind2="3"><subfield code="a">spatial variation</subfield></datafield><datafield tag="650" ind1=" " ind2="3"><subfield code="a">seeds</subfield></datafield><datafield tag="650" ind1=" " ind2="3"><subfield code="a">plant available water</subfield></datafield><datafield tag="650" ind1=" " ind2="3"><subfield code="a">nutrient availability</subfield></datafield><datafield tag="650" ind1=" " ind2="3"><subfield code="a">plant nutrition</subfield></datafield><datafield tag="650" ind1=" " ind2="3"><subfield code="a">simulation models</subfield></datafield><datafield tag="650" ind1=" " ind2="3"><subfield code="a">tree growth</subfield></datafield><datafield tag="650" ind1=" " ind2="3"><subfield code="a">stand structure</subfield></datafield><datafield tag="650" ind1=" " ind2="3"><subfield code="a">temporal variation</subfield></datafield><datafield tag="650" ind1=" " ind2="3"><subfield code="a">genotype</subfield></datafield><datafield tag="650" ind1=" " ind2="2"><subfield code="a">Biodiversity</subfield></datafield><datafield tag="650" ind1=" " ind2="2"><subfield code="a">Ecosystem</subfield></datafield><datafield tag="650" ind1=" " ind2="2"><subfield code="a">Eucalyptus</subfield><subfield code="x">anatomy &amp; histology</subfield><subfield code="x">genetics</subfield><subfield code="x">growth &amp; development</subfield></datafield><datafield tag="650" ind1=" " ind2="2"><subfield code="a">Genetic Variation</subfield></datafield><datafield tag="650" ind1=" " ind2="2"><subfield code="a">Nutritional Physiological Phenomena</subfield></datafield><datafield tag="650" ind1=" " ind2="2"><subfield code="a">Plant Roots</subfield><subfield code="x">metabolism</subfield><subfield code="x">physiology</subfield></datafield><datafield tag="650" ind1=" " ind2="2"><subfield code="a">Soil</subfield><subfield code="x">analysis</subfield><subfield code="x">standards</subfield></datafield><datafield tag="650" ind1=" " ind2="2"><subfield code="a">Species Specificity</subfield></datafield><datafield tag="651" ind1=" " ind2="3"><subfield code="a">Brazil</subfield></datafield><datafield tag="700" ind1="1" ind2=" "><subfield code="a">Binkley, Dan</subfield><subfield code="e">author</subfield><subfield code="u">Department of Forest, Rangeland and Watershed Stewardship, and Graduate Degree Program in Ecology, Colorado State University, Ft. Collins, Colorado 80523 USA</subfield></datafield><datafield tag="700" ind1="1" ind2=" "><subfield code="a">Stape, José Luiz</subfield><subfield code="e">author</subfield></datafield><datafield tag="773" ind1="0" ind2=" "><subfield code="t">Ecology.</subfield><subfield code="g">2008 Oct., v. 89, no. 10 p.2850-2859</subfield><subfield code="d">Ecological Society of America</subfield><subfield code="x">0012-9658</subfield><subfield code="7">nnas</subfield></datafield><datafield tag="787" ind1="1" ind2=" "><subfield code="o">islandora_article_repository</subfield></datafield><datafield tag="787" ind1="1" ind2=" "><subfield code="o">product_pubag</subfield></datafield><datafield tag="787" ind1="1" ind2=" "><subfield code="o">(Journal)jnl46164</subfield></datafield><datafield tag="852" ind1=" " ind2=" "><subfield code="a">DNAL</subfield></datafield><datafield tag="856" ind1="4" ind2="0"><subfield code="u">http://dx.doi.org/10.1890/07-1733.1</subfield><subfield code="3">Available from publisher's site</subfield></datafield><datafield tag="912" ind1=" " ind2=" "><subfield code="a">Article</subfield></datafield><datafield tag="914" ind1=" " ind2=" "><subfield code="a">Journal:jnl46164</subfield></datafield><datafield tag="914" ind1=" " ind2=" "><subfield code="f">Ecology</subfield></datafield><datafield tag="917" ind1=" " ind2=" "><subfield code="a">issued</subfield></datafield><datafield tag="918" ind1="2" ind2=" "><subfield code="a">John Wiley &amp; Sons, Inc</subfield><subfield code="e">provider</subfield><subfield code="5">DNAL</subfield></datafield><datafield tag="935" ind1=" " ind2=" "><subfield code="a">IND44178720</subfield><subfield code="9">ExL</subfield></datafield><datafield tag="949" ind1=" " ind2=" "><subfield code="a">2-03-25</subfield></datafield><datafield tag="953" ind1=" " ind2=" "><subfield code="a">00129658_2008_89_10.xml</subfield></datafield><datafield tag="974" ind1=" " ind2=" "><subfield code="a">agid:2156920</subfield></datafield><datafield tag="983" ind1=" " ind2=" "><subfield code="a">2017-06-26</subfield></datafield><datafield tag="984" ind1=" " ind2=" "><subfield code="a">2017-06-26</subfield></datafield><datafield tag="986" ind1=" " ind2=" "><subfield code="a">4178720</subfield></datafield></record>