<record><leader>04097nab a2200721 u 4500</leader><controlfield tag="001">9915894743707426</controlfield><controlfield tag="005">20221116151050.0</controlfield><controlfield tag="008">931228e199309 mdu|||||o|||||||||||eng||</controlfield><datafield tag="" ind1="7" ind2=" "><subfield code="a">IND20364641</subfield><subfield code="2">DNAL</subfield></datafield><datafield tag="024" ind1="7" ind2=" "><subfield code="a">8208857</subfield><subfield code="2">pmid</subfield></datafield><datafield tag="024" ind1="7" ind2=" "><subfield code="a">PMC158944</subfield><subfield code="2">pmcid</subfield></datafield><datafield tag="035" ind1=" " ind2=" "><subfield code="a">agid:2431745-01nal_inst</subfield></datafield><datafield tag="040" ind1=" " ind2=" "><subfield code="a">AGL</subfield><subfield code="b">eng</subfield><subfield code="c">AGL</subfield></datafield><datafield tag="100" ind1="1" ind2=" "><subfield code="a">Burnett, R.J.</subfield></datafield><datafield tag="245" ind1="1" ind2="0"><subfield code="a">Expression of a 3-hydroxy-3-methylglutaryl coenzyme A reductase gene from Camptotheca acuminata is differentially regulated by wounding and methyl jasmonate</subfield></datafield><datafield tag="300" ind1=" " ind2=" "><subfield code="a">p. 41-48.</subfield></datafield><datafield tag="500" ind1=" " ind2=" "><subfield code="a">2019-12-05</subfield></datafield><datafield tag="520" ind1=" " ind2=" "><subfield code="a">We have isolated a gene, hmg1, for 3-hydroxy-3-methylglutaryl coenzyme A reductase (HMGR) from Camptotheca acuminata, a Chinese tree that produces the anti-cancer monoterpenoid indole alkaloid camptothecin (CPT). HMGR supplies mevalonate for the synthesis of the terpenoid component of CPT as well as for the formation of many other primary and secondary metabolites. In Camptotheca, hmg1 transcripts were detected only in young seedlings and not in vegetative organs of older plants. Regulation of the hmg1 promoter was studied in transgenic tobacco using three translational fusions (-1678, -1107, -165) with the beta-glucuronidase (GUS) reporter gene. Histochemical analysis of plants containing each of the three promoter fusions showed similar developmental and spatial expression patterns. In vegetative tissues, GUS staining was localized to the epidermis of young leaves and stems, particularly in glandular trichomes. Roots showed intense staining in the cortical tissues in the elongation zone and light staining in the cortex of mature roots. hmg1::GUS expression was also observed in sepals, petals, pistils, and stamens of developing flowers, with darkest staining in the ovary wall, ovules, stigmas, and pollen. Leaf discs from plants containing each of the translational fusions showed a 15- to 20-fold wound induction of hmg1::GUS expression over 72 h; however, this increase in GUS activity was completely suppressed by treatment with methyl jasmonate. Taken together, these data show that a 165-bp fragment of Camptotheca hmg1 promoter is sufficient to confer developmental regulation as well as wound induction and methyl jasmonate suppression of GUS expression in transgenic tobacco.</subfield></datafield><datafield tag="650" ind1=" " ind2="3"><subfield code="a">Camptotheca acuminata</subfield></datafield><datafield tag="650" ind1=" " ind2="3"><subfield code="a">genetically modified organisms</subfield></datafield><datafield tag="650" ind1=" " ind2="3"><subfield code="a">jasmonic acid</subfield></datafield><datafield tag="650" ind1=" " ind2="3"><subfield code="a">transcription (genetics)</subfield></datafield><datafield tag="650" ind1=" " ind2="3"><subfield code="a">gene expression</subfield></datafield><datafield tag="650" ind1=" " ind2="3"><subfield code="a">histochemistry</subfield></datafield><datafield tag="650" ind1=" " ind2="3"><subfield code="a">hydroxymethylglutaryl-CoA reductases</subfield></datafield><datafield tag="650" ind1=" " ind2="2"><subfield code="a">Acetates</subfield><subfield code="x">pharmacology</subfield></datafield><datafield tag="650" ind1=" " ind2="2"><subfield code="a">Cyclopentanes</subfield><subfield code="x">pharmacology</subfield></datafield><datafield tag="650" ind1=" " ind2="2"><subfield code="a">Gene Expression Regulation</subfield><subfield code="x">drug effects</subfield></datafield><datafield tag="650" ind1=" " ind2="2"><subfield code="a">Gene Library</subfield></datafield><datafield tag="650" ind1=" " ind2="2"><subfield code="a">Glucuronidase</subfield><subfield code="x">biosynthesis</subfield><subfield code="x">genetics</subfield></datafield><datafield tag="650" ind1=" " ind2="2"><subfield code="a">Molecular Sequence Data</subfield></datafield><datafield tag="650" ind1=" " ind2="2"><subfield code="a">Oxylipins</subfield></datafield><datafield tag="650" ind1=" " ind2="2"><subfield code="a">Plants, Genetically Modified</subfield></datafield><datafield tag="650" ind1=" " ind2="2"><subfield code="a">Plants, Medicinal</subfield><subfield code="x">drug effects</subfield><subfield code="x">enzymology</subfield><subfield code="x">genetics</subfield></datafield><datafield tag="650" ind1=" " ind2="2"><subfield code="a">Plants, Toxic</subfield></datafield><datafield tag="650" ind1=" " ind2="2"><subfield code="a">Plasmids</subfield></datafield><datafield tag="650" ind1=" " ind2="2"><subfield code="a">Promoter Regions, Genetic</subfield></datafield><datafield tag="650" ind1=" " ind2="2"><subfield code="a">Recombinant Fusion Proteins</subfield><subfield code="x">biosynthesis</subfield></datafield><datafield tag="650" ind1=" " ind2="2"><subfield code="a">Tobacco</subfield><subfield code="x">genetics</subfield></datafield><datafield tag="650" ind1=" " ind2="2"><subfield code="a">Wounds and Injuries</subfield></datafield><datafield tag="653" ind1=" " ind2="0"><subfield code="a">injuries</subfield></datafield><datafield tag="653" ind1=" " ind2="0"><subfield code="a">hydroxymethylglutaryl-CoA reductase</subfield></datafield><datafield tag="653" ind1=" " ind2="0"><subfield code="a">genbank/l10390</subfield></datafield><datafield tag="700" ind1="1" ind2=" "><subfield code="a">Maldonado-Mendoza, I.E.</subfield></datafield><datafield tag="700" ind1="1" ind2=" "><subfield code="a">McKnight, T.D.</subfield></datafield><datafield tag="700" ind1="1" ind2=" "><subfield code="a">Nessler, C.L.</subfield></datafield><datafield tag="773" ind1="0" ind2=" "><subfield code="t">Plant physiology.</subfield><subfield code="g">1993 Sept., v. 103, no. 1 p.41-48</subfield><subfield code="a">Plant physiology (Lancaster, Pa.)</subfield><subfield code="x">0032-0889</subfield><subfield code="7">nnas</subfield></datafield><datafield tag="787" ind1="1" ind2=" "><subfield code="o">islandora_article_repository</subfield></datafield><datafield tag="787" ind1="1" ind2=" "><subfield code="o">(Journal)jnl44663</subfield></datafield><datafield tag="852" ind1=" " ind2=" "><subfield code="a">DNAL</subfield></datafield><datafield tag="912" ind1=" " ind2=" "><subfield code="a">Article</subfield></datafield><datafield tag="914" ind1=" " ind2=" "><subfield code="a">Journal:jnl44663</subfield></datafield><datafield tag="914" ind1=" " ind2=" "><subfield code="f">Plant physiol</subfield></datafield><datafield tag="917" ind1=" " ind2=" "><subfield code="a">issued</subfield></datafield><datafield tag="930" ind1=" " ind2=" "><subfield code="a">19940202</subfield><subfield code="b">19940204</subfield><subfield code="c">00000000</subfield></datafield><datafield tag="935" ind1=" " ind2=" "><subfield code="a">IND20364641</subfield><subfield code="9">ExL</subfield></datafield><datafield tag="945" ind1=" " ind2=" "><subfield code="a">IND</subfield><subfield code="d">MKS</subfield></datafield><datafield tag="946" ind1=" " ind2=" "><subfield code="a">Other US</subfield></datafield><datafield tag="952" ind1=" " ind2=" "><subfield code="a">19940202 19940204 00000000</subfield><subfield code="b">IND MKS </subfield></datafield><datafield tag="974" ind1=" " ind2=" "><subfield code="a">agid:2431745</subfield></datafield><datafield tag="984" ind1=" " ind2=" "><subfield code="a">2014-12-25</subfield></datafield><datafield tag="985" ind1=" " ind2=" "><subfield code="a">Converted from MARCXML to MODS version 3.4 using MARC21slim2MODS3-4.xsl (Revision 1.95 2014/04/23)</subfield></datafield><datafield tag="986" ind1=" " ind2=" "><subfield code="a">3004363</subfield></datafield></record>