<record><leader>07174nab a2200853 u 4500</leader><controlfield tag="001">9915894797707426</controlfield><controlfield tag="005">20221116153102.0</controlfield><controlfield tag="008">210115e202101 xx |||||o|||||||||||eng||</controlfield><datafield tag="" ind1="7" ind2=" "><subfield code="a">IND607235870</subfield><subfield code="2">DNAL</subfield></datafield><datafield tag="024" ind1="7" ind2=" "><subfield code="a">10.1007/s11104-019-04400-7</subfield><subfield code="2">doi</subfield></datafield><datafield tag="035" ind1=" " ind2=" "><subfield code="a">agid:7235870-01nal_inst</subfield></datafield><datafield tag="040" ind1=" " ind2=" "><subfield code="a">AGL</subfield><subfield code="b">eng</subfield><subfield code="c">AGL</subfield></datafield><datafield tag="100" ind1="1" ind2=" "><subfield code="a">Xu, Gexi</subfield><subfield code="e">author</subfield><subfield code="u">Key laboratory of Forest Ecology and Environment of National Forestry and Grassland Administration, Research Institute of Forest Ecology, Environment and Protection, Chinese Academy of Forestry, Beijing, 100091, China</subfield></datafield><datafield tag="245" ind1="1" ind2="0"><subfield code="a">Mycorrhizal and rhizospheric fungal community assembly differs during subalpine forest restoration on the eastern Qinghai-Tibetan Plateau</subfield></datafield><datafield tag="300" ind1=" " ind2=" "><subfield code="a">p. 245-259.</subfield></datafield><datafield tag="500" ind1=" " ind2=" "><subfield code="a">NAL-AP-2-clean</subfield></datafield><datafield tag="520" ind1=" " ind2=" "><subfield code="a">BACKGROUND AND AIMS: Mycorrhizosphere is the interface between roots and soil where a myriad of microorganisms mediate plant growth, nutrient acquisition and tolerance to biotic and abiotic stress, and result in driving ecosystem biogeochemical cycling. Understanding the complexity and dynamics of mycorrhizosphere and its ecology and evolution are critical to enhancing forest productivity and ecosystem functioning, especially in high latitude temperate or high altitude alpine forests. However, the fungal community compositions and their driving ecological mechanisms of mycorrhizosphere during forest restoration are poorly documented. METHODS: In this study, we simultaneously examined the ectomycorrhizal (EM) and rhizospheric fungal communities of two dominant host tree species (Abies faxoniana and Betula albosinensis) in subalpine forest communities with distinct forest restoration stages (30- vs. 60-year) after clear-cutting. Illumina MiSeq sequencing of internal transcribed spacer 2 (ITS2) sequences was adopted. RESULTS: A total of 1222 EM and 5880 rhizosphere fungal operational taxonomic units (OTUs) were obtained at a 97% sequence similarity level, which were mainly dominated by Basidiomycota. Host identity and forest restoration stage had no significant effects on fungal species richness of both EM and rhizospheric fungi. However, the community assembly of EM and rhizospheric fungi was significantly different during forest restoration, with opposite patterns shown on ectomycorrhizae and rhizosphere. The EM fungal community assembly was significantly affected by host identity, stand age and population dynamic, while the rhizosphere fungal community was significantly structured by combinations of host trees biomass, soil properties and spatial distance. CONCLUSIONS: Our data provide important insights that community assembly of EM and rhizosphere fungi may respond idiosyncratically during forest restoration, which will help us deeper understanding forest succession, stability and ecosystem functioning on the Qinghai-Tibetan Plateau.</subfield></datafield><datafield tag="592" ind1=" " ind2=" "><subfield code="a">Publisher supplied data</subfield></datafield><datafield tag="593" ind1=" " ind2=" "><subfield code="a">PubAg article</subfield></datafield><datafield tag="596" ind1=" " ind2=" "><subfield code="a">CAFYBB2018ZA003</subfield><subfield code="c">Fundamental Research Funds of CAF</subfield></datafield><datafield tag="596" ind1=" " ind2=" "><subfield code="a">2YFC0502104</subfield><subfield code="c">National Key R &amp; D Program of China</subfield></datafield><datafield tag="596" ind1=" " ind2=" "><subfield code="a">2017YFC0505001</subfield><subfield code="c">National Key R &amp; D Program of China</subfield></datafield><datafield tag="650" ind1=" " ind2="3"><subfield code="a">Abies fargesii var. faxoniana</subfield></datafield><datafield tag="650" ind1=" " ind2="3"><subfield code="a">Basidiomycota</subfield></datafield><datafield tag="650" ind1=" " ind2="3"><subfield code="a">Betula utilis subsp. albosinensis</subfield></datafield><datafield tag="650" ind1=" " ind2="3"><subfield code="a">abiotic stress</subfield></datafield><datafield tag="650" ind1=" " ind2="3"><subfield code="a">altitude</subfield></datafield><datafield tag="650" ind1=" " ind2="3"><subfield code="a">biomass</subfield></datafield><datafield tag="650" ind1=" " ind2="3"><subfield code="a">clearcutting</subfield></datafield><datafield tag="650" ind1=" " ind2="3"><subfield code="a">ecosystems</subfield></datafield><datafield tag="650" ind1=" " ind2="3"><subfield code="a">ectomycorrhizae</subfield></datafield><datafield tag="650" ind1=" " ind2="3"><subfield code="a">evolution</subfield></datafield><datafield tag="650" ind1=" " ind2="3"><subfield code="a">forest restoration</subfield></datafield><datafield tag="650" ind1=" " ind2="3"><subfield code="a">forest succession</subfield></datafield><datafield tag="650" ind1=" " ind2="3"><subfield code="a">fungal communities</subfield></datafield><datafield tag="650" ind1=" " ind2="3"><subfield code="a">internal transcribed spacers</subfield></datafield><datafield tag="650" ind1=" " ind2="3"><subfield code="a">latitude</subfield></datafield><datafield tag="650" ind1=" " ind2="3"><subfield code="a">plant growth</subfield></datafield><datafield tag="650" ind1=" " ind2="3"><subfield code="a">population dynamics</subfield></datafield><datafield tag="650" ind1=" " ind2="3"><subfield code="a">rhizosphere</subfield></datafield><datafield tag="650" ind1=" " ind2="3"><subfield code="a">sequence homology</subfield></datafield><datafield tag="650" ind1=" " ind2="3"><subfield code="a">species richness</subfield></datafield><datafield tag="650" ind1=" " ind2="3"><subfield code="a">stand age</subfield></datafield><datafield tag="650" ind1=" " ind2="3"><subfield code="a">trees</subfield></datafield><datafield tag="651" ind1=" " ind2="3"><subfield code="a">China</subfield></datafield><datafield tag="700" ind1="1" ind2=" "><subfield code="a">Chen, Huanhuan</subfield><subfield code="e">author</subfield><subfield code="u">Key laboratory of Forest Ecology and Environment of National Forestry and Grassland Administration, Research Institute of Forest Ecology, Environment and Protection, Chinese Academy of Forestry, Beijing, 100091, China</subfield></datafield><datafield tag="700" ind1="1" ind2=" "><subfield code="a">Shi, Zuomin</subfield><subfield code="e">author</subfield><subfield code="u">Key laboratory of Forest Ecology and Environment of National Forestry and Grassland Administration, Research Institute of Forest Ecology, Environment and Protection, Chinese Academy of Forestry, Beijing, 100091, China. shizm@caf.ac.cn</subfield></datafield><datafield tag="700" ind1="1" ind2=" "><subfield code="a">Liu, Shun</subfield><subfield code="e">author</subfield><subfield code="u">Key laboratory of Forest Ecology and Environment of National Forestry and Grassland Administration, Research Institute of Forest Ecology, Environment and Protection, Chinese Academy of Forestry, Beijing, 100091, China</subfield></datafield><datafield tag="700" ind1="1" ind2=" "><subfield code="a">Cao, Xiangwen</subfield><subfield code="e">author</subfield><subfield code="u">Key laboratory of Forest Ecology and Environment of National Forestry and Grassland Administration, Research Institute of Forest Ecology, Environment and Protection, Chinese Academy of Forestry, Beijing, 100091, China</subfield></datafield><datafield tag="700" ind1="1" ind2=" "><subfield code="a">Zhang, Miaomiao</subfield><subfield code="e">author</subfield><subfield code="u">Key laboratory of Forest Ecology and Environment of National Forestry and Grassland Administration, Research Institute of Forest Ecology, Environment and Protection, Chinese Academy of Forestry, Beijing, 100091, China</subfield></datafield><datafield tag="700" ind1="1" ind2=" "><subfield code="a">Chen, Miao</subfield><subfield code="e">author</subfield><subfield code="u">Key laboratory of Forest Ecology and Environment of National Forestry and Grassland Administration, Research Institute of Forest Ecology, Environment and Protection, Chinese Academy of Forestry, Beijing, 100091, China</subfield></datafield><datafield tag="700" ind1="1" ind2=" "><subfield code="a">Chen, Jian</subfield><subfield code="e">author</subfield><subfield code="u">Key laboratory of Forest Ecology and Environment of National Forestry and Grassland Administration, Research Institute of Forest Ecology, Environment and Protection, Chinese Academy of Forestry, Beijing, 100091, China</subfield></datafield><datafield tag="700" ind1="1" ind2=" "><subfield code="a">Xiong, Kai</subfield><subfield code="e">author</subfield><subfield code="u">Key laboratory of Forest Ecology and Environment of National Forestry and Grassland Administration, Research Institute of Forest Ecology, Environment and Protection, Chinese Academy of Forestry, Beijing, 100091, China</subfield></datafield><datafield tag="700" ind1="1" ind2=" "><subfield code="a">Yang, Hongguo</subfield><subfield code="e">author</subfield><subfield code="u">Institute of Wetland Research, Chinese Academy of Forestry, Beijing, 100091, China</subfield></datafield><datafield tag="700" ind1="1" ind2=" "><subfield code="a">Zhao, Guangdong</subfield><subfield code="e">author</subfield><subfield code="u">Key laboratory of Forest Ecology and Environment of National Forestry and Grassland Administration, Research Institute of Forest Ecology, Environment and Protection, Chinese Academy of Forestry, Beijing, 100091, China</subfield></datafield><datafield tag="773" ind1="0" ind2=" "><subfield code="t">Plant and soil.</subfield><subfield code="g">2021 Jan., v. 458, no. 1-2 p.245-259</subfield><subfield code="d">Springer International Publishing</subfield><subfield code="w">Journal:jnl49373</subfield><subfield code="x">0032-079X</subfield><subfield code="7">nnas</subfield></datafield><datafield tag="787" ind1="1" ind2=" "><subfield code="o">islandora_article_repository</subfield></datafield><datafield tag="787" ind1="1" ind2=" "><subfield code="o">product_pubag</subfield></datafield><datafield tag="787" ind1="1" ind2=" "><subfield code="o">(Journal)jnl49373</subfield></datafield><datafield tag="856" ind1="4" ind2="0"><subfield code="u">http://dx.doi.org/10.1007/s11104-019-04400-7</subfield><subfield code="3">Available from publisher's site</subfield></datafield><datafield tag="912" ind1=" " ind2=" "><subfield code="a">Article</subfield></datafield><datafield tag="914" ind1=" " ind2=" "><subfield code="a">Journal:jnl49373</subfield><subfield code="b">0032-079X</subfield><subfield code="c">458</subfield><subfield code="d">1-2</subfield><subfield code="e">245</subfield></datafield><datafield tag="914" ind1=" " ind2=" "><subfield code="f">Plant and soil</subfield></datafield><datafield tag="916" ind1=" " ind2=" "><subfield code="a">Batch:10145</subfield></datafield><datafield tag="917" ind1=" " ind2=" "><subfield code="a">issued</subfield></datafield><datafield tag="918" ind1="2" ind2=" "><subfield code="a">Springer</subfield><subfield code="e">provider</subfield><subfield code="5">DNAL</subfield></datafield><datafield tag="935" ind1=" " ind2=" "><subfield code="a">IND607235870</subfield><subfield code="9">ExL</subfield></datafield><datafield tag="949" ind1=" " ind2=" "><subfield code="a">2021-06-18</subfield></datafield><datafield tag="953" ind1=" " ind2=" "><subfield code="a">/data/metadata/incoming/springer/ftp_PUB_21-01-15_05-16-53.zip</subfield></datafield><datafield tag="954" ind1=" " ind2=" "><subfield code="a">file:/data/metadata/staging/springer/11104-458-1-2.xml</subfield></datafield><datafield tag="955" ind1=" " ind2=" "><subfield code="a">/data/metadata/staging/springer/</subfield></datafield><datafield tag="974" ind1=" " ind2=" "><subfield code="a">agid:7235870</subfield></datafield><datafield tag="983" ind1=" " ind2=" "><subfield code="a">2021-01-15</subfield></datafield><datafield tag="984" ind1=" " ind2=" "><subfield code="a">2021-06-18</subfield></datafield></record>