<record><leader>04472nab a2200601 u 4500</leader><controlfield tag="001">9915894820507426</controlfield><controlfield tag="005">20221116153259.0</controlfield><controlfield tag="008">210921e20210917xx |||||o|||||||||||eng||</controlfield><datafield tag="" ind1="7" ind2=" "><subfield code="a">IND607510544</subfield><subfield code="2">DNAL</subfield></datafield><datafield tag="024" ind1="7" ind2=" "><subfield code="a">10.1080/01431161.2021.1944695</subfield><subfield code="2">doi</subfield></datafield><datafield tag="035" ind1=" " ind2=" "><subfield code="a">agid:7510544-01nal_inst</subfield></datafield><datafield tag="040" ind1=" " ind2=" "><subfield code="a">AGL</subfield><subfield code="b">eng</subfield><subfield code="c">AGL</subfield></datafield><datafield tag="100" ind1="1" ind2=" "><subfield code="a">Pommerening, Arne</subfield><subfield code="e">author</subfield><subfield code="u">Faculty of Forest Sciences, Department of Forest Ecology and Management, Swedish University of Agricultural Sciences SLU, Umeå, Sweden</subfield></datafield><datafield tag="245" ind1="1" ind2="0"><subfield code="a">CanopyShotNoise – An individual-based tree canopy modelling framework for projecting remote-sensing data and ecological sensitivity analysis</subfield></datafield><datafield tag="300" ind1=" " ind2=" "><subfield code="a">p. 6837-6865.</subfield></datafield><datafield tag="520" ind1=" " ind2=" "><subfield code="a">Very few spatially explicit tree models have so far been constructed with a view to project remote-sensing data directly. To fill this gap, we introduced the prototype of the CanopyShotNoise model, an individual-based model specifically designed for projecting airborne laser scanning (ALS) data. Given the nature of ALS data, the model focuses on the dynamics of individual-tree canopies in forest ecosystems, that is, spatial tree interaction and resulting growth, birth and death processes. In this study, CanopyShotNoise was used to analyse the long-term effects of the processes crown plasticity (C) and superorganism formation (S) on spatial tree canopy patterns that are likely to play an important role in ongoing climate change. We designed a replicated computer experiment involving the four scenarios C0S0, C1S0, C0S1 and C1S1 where 0 and 1 imply that the preceding process was switched off and on, respectively. We hypothesized that C and S are antagonistic processes, specifically that C would lead to increasing regularity of tree locations and S would result in clustering. Our simulation results confirmed that in the long run intertree distances decreased and canopy gap size increased when superorganisms were encouraged to form. At the same time, the overlap and packing of tree crowns increased. The long-term effect of crown plasticity increased the regularity of tree locations; however, this effect was much weaker than that of superorganism formation. As a result, gap patterns remained more or less unaffected by crown plasticity. In scenario C1S1, both processes interestingly interacted in such a way that crown plasticity even increased the effect of superorganism formation. Our simulation results are likely to prove helpful in recognizing patterns of facilitation with ongoing climate change.</subfield></datafield><datafield tag="536" ind1=" " ind2=" "><subfield code="a">MM was financially supported by the Academy of Finland (project numbers 295100 and 327211) under the UNITE flagship ecosystem.</subfield></datafield><datafield tag="592" ind1=" " ind2=" "><subfield code="a">Publisher supplied data</subfield></datafield><datafield tag="593" ind1=" " ind2=" "><subfield code="a">PubAg article</subfield></datafield><datafield tag="650" ind1=" " ind2="3"><subfield code="a">canopy gaps</subfield></datafield><datafield tag="650" ind1=" " ind2="3"><subfield code="a">climate change</subfield></datafield><datafield tag="650" ind1=" " ind2="3"><subfield code="a">computers</subfield></datafield><datafield tag="650" ind1=" " ind2="3"><subfield code="a">death</subfield></datafield><datafield tag="650" ind1=" " ind2="3"><subfield code="a">forests</subfield></datafield><datafield tag="650" ind1=" " ind2="3"><subfield code="a">long term effects</subfield></datafield><datafield tag="650" ind1=" " ind2="3"><subfield code="a">models</subfield></datafield><datafield tag="650" ind1=" " ind2="3"><subfield code="a">plasticity</subfield></datafield><datafield tag="650" ind1=" " ind2="3"><subfield code="a">prototypes</subfield></datafield><datafield tag="650" ind1=" " ind2="3"><subfield code="a">remote sensing</subfield></datafield><datafield tag="650" ind1=" " ind2="3"><subfield code="a">trees</subfield></datafield><datafield tag="700" ind1="1" ind2=" "><subfield code="a">Gaulton, Rachel</subfield><subfield code="e">author</subfield><subfield code="u">School of Natural and Environmental Sciences, Newcastle University, Newcastle upon Tyne, UK</subfield></datafield><datafield tag="700" ind1="1" ind2=" "><subfield code="a">Magdon, Paul</subfield><subfield code="e">author</subfield><subfield code="u">Faculty of Forest Sciences and Forest Ecology, Forest Inventory and Remote Sensing, University of Göttingen, Göttingen, Germany</subfield></datafield><datafield tag="700" ind1="1" ind2=" "><subfield code="a">Myllymäki, Mari</subfield><subfield code="e">author</subfield><subfield code="u">Natural Resources Institute Finland (Luke), Bioeconomy and Environment Unit, Helsinki, Finland</subfield></datafield><datafield tag="773" ind1="0" ind2=" "><subfield code="t">International journal of remote sensing.</subfield><subfield code="g">2021 Sept. 17, v. 42, no. 18 p.6837-6865</subfield><subfield code="d">Taylor &amp; Francis</subfield><subfield code="w">Journal:jnl45620</subfield><subfield code="x">1366-5901</subfield><subfield code="7">nnas</subfield></datafield><datafield tag="787" ind1="1" ind2=" "><subfield code="o">islandora_article_repository</subfield></datafield><datafield tag="787" ind1="1" ind2=" "><subfield code="o">product_pubag</subfield></datafield><datafield tag="787" ind1="1" ind2=" "><subfield code="o">(Journal)jnl45620</subfield></datafield><datafield tag="856" ind1="4" ind2="0"><subfield code="u">http://dx.doi.org/10.1080/01431161.2021.1944695</subfield><subfield code="3">Available from publisher's site</subfield></datafield><datafield tag="912" ind1=" " ind2=" "><subfield code="a">Article</subfield></datafield><datafield tag="914" ind1=" " ind2=" "><subfield code="a">Journal:jnl45620</subfield><subfield code="b">1366-5901</subfield><subfield code="c">42</subfield><subfield code="d">18</subfield><subfield code="e">6837</subfield></datafield><datafield tag="914" ind1=" " ind2=" "><subfield code="f">International journal of remote sensing</subfield></datafield><datafield tag="916" ind1=" " ind2=" "><subfield code="a">Batch:10205</subfield></datafield><datafield tag="917" ind1=" " ind2=" "><subfield code="a">issued</subfield></datafield><datafield tag="918" ind1="2" ind2=" "><subfield code="a">Taylor &amp; Francis Group</subfield><subfield code="e">provider</subfield><subfield code="5">DNAL</subfield></datafield><datafield tag="935" ind1=" " ind2=" "><subfield code="a">IND607510544</subfield><subfield code="9">ExL</subfield></datafield><datafield tag="949" ind1=" " ind2=" "><subfield code="a">2022-02-23</subfield></datafield><datafield tag="952" ind1=" " ind2=" "><subfield code="d">NAL-AP-2-clean</subfield></datafield><datafield tag="953" ind1=" " ind2=" "><subfield code="a" >/data/metadata/incoming/taylorfrancis/tres20_tres20.v042.i18_20210921060625#26453364.zip</subfield></datafield><datafield tag="954" ind1=" " ind2=" "><subfield code="a" >file:/data/metadata/staging/taylorfrancis/01431161.2021.1944695.xml</subfield></datafield><datafield tag="955" ind1=" " ind2=" "><subfield code="a">/data/metadata/staging/taylorfrancis/</subfield></datafield><datafield tag="974" ind1=" " ind2=" "><subfield code="a">agid:7510544</subfield></datafield><datafield tag="983" ind1=" " ind2=" "><subfield code="a">2021-09-21</subfield></datafield><datafield tag="984" ind1=" " ind2=" "><subfield code="a">2022-02-18</subfield></datafield></record>