<record><leader>04397nab a2200553 u 4500</leader><controlfield tag="001">9915895383407426</controlfield><controlfield tag="005">20221116155156.0</controlfield><controlfield tag="008">211113e202108 xx |||||o|||||||||||eng||</controlfield><datafield tag="" ind1="7" ind2=" "><subfield code="a">IND607476525</subfield><subfield code="2">DNAL</subfield></datafield><datafield tag="024" ind1="7" ind2=" "><subfield code="a">10.1007/s00442-021-04981-0</subfield><subfield code="2">doi</subfield></datafield><datafield tag="035" ind1=" " ind2=" "><subfield code="a">agid:7476525-01nal_inst</subfield></datafield><datafield tag="040" ind1=" " ind2=" "><subfield code="a">AGL</subfield><subfield code="b">eng</subfield><subfield code="c">AGL</subfield></datafield><datafield tag="100" ind1="1" ind2=" "><subfield code="a">Guevara Andino, Juan Ernesto</subfield><subfield code="e">author</subfield><subfield code="u">Grupo de Investigación en Biodiversidad, Medio Ambiente y Salud-BIOMAS-Universidad de las Américas, Campus Queri, Quito, Ecuador. juan.guevara@udla.edu.ec</subfield><subfield code="1">https://orcid.org/0000-0002-5433-6218</subfield></datafield><datafield tag="245" ind1="1" ind2="4"><subfield code="a">The contribution of environmental and dispersal filters on phylogenetic and taxonomic beta diversity patterns in Amazonian tree communities</subfield></datafield><datafield tag="300" ind1=" " ind2=" "><subfield code="a">p. 1119-1137.</subfield></datafield><datafield tag="520" ind1=" " ind2=" "><subfield code="a">Environmental and dispersal filters are key determinants of species distributions of Amazonian tree communities. However, a comprehensive analysis of the role of environmental and dispersal filters is needed to understand the ecological and evolutionary processes that drive phylogenetic and taxonomic turnover of Amazonian tree communities. We compare measures of taxonomic and phylogenetic beta diversity in 41 one-hectare plots to test the relative importance of climate, soils, geology, geomorphology, pure spatial variables and the spatial variation of environmental drivers of phylogenetic and taxonomic turnover in Ecuadorian Amazon tree communities. We found low phylogenetic and high taxonomic turnover with respect to environmental and dispersal filters. In addition, our results suggest that climate is a significantly better predictor of phylogenetic turnover and taxonomic turnover than geomorphology and soils at all spatial scales. The influence of climate as a predictor of phylogenetic turnover was stronger at broader spatial scales (50 km²) whereas geomorphology and soils appear to be better predictors of taxonomic turnover at mid (5 km²) and fine spatial scales (0.5 km²) but a weak predictor of phylogenetic turnover at broad spatial scales. We also found that the combined effect of geomorphology and soils was significantly higher for taxonomic turnover at all spatial scales but not for phylogenetic turnover at large spatial scales. Geographic distances as proxy of dispersal limitation was a better predictor of phylogenetic turnover at distances of 50 &lt; 500 km. Our findings suggest that climatic variation at regional scales can better predict phylogenetic and taxonomic turnover than geomorphology and soils.</subfield></datafield><datafield tag="592" ind1=" " ind2=" "><subfield code="a">Publisher supplied data</subfield></datafield><datafield tag="593" ind1=" " ind2=" "><subfield code="a">PubAg article</subfield></datafield><datafield tag="650" ind1=" " ind2="3"><subfield code="a">climate</subfield></datafield><datafield tag="650" ind1=" " ind2="3"><subfield code="a">geomorphology</subfield></datafield><datafield tag="650" ind1=" " ind2="3"><subfield code="a">phylogeny</subfield></datafield><datafield tag="650" ind1=" " ind2="3"><subfield code="a">species diversity</subfield></datafield><datafield tag="650" ind1=" " ind2="3"><subfield code="a">trees</subfield></datafield><datafield tag="651" ind1=" " ind2="3"><subfield code="a">Amazonia</subfield></datafield><datafield tag="700" ind1="1" ind2=" "><subfield code="a">Pitman, Nigel C. A.</subfield><subfield code="e">author</subfield><subfield code="u">Keller Science Action Center, The Field Museum, 1400 South Lake Shore Dr., Chicago, IL, 60605-2496, USA</subfield></datafield><datafield tag="700" ind1="1" ind2=" "><subfield code="a">ter Steege, Hans</subfield><subfield code="e">author</subfield><subfield code="u">Naturalis Biodiversity Center, Vondellaan 55, Postbus 9517, 2300 RA, Leiden, The Netherlands</subfield></datafield><datafield tag="700" ind1="1" ind2=" "><subfield code="a">Peralvo, Manuel</subfield><subfield code="e">author</subfield><subfield code="u">Consortium for the Sustainable Development of the Andean Ecoregion (CONDESAN), Andean Forest Program, German Aleman E12-123 and Carlos Arroyo del Río, Quito, 170504, Ecuador</subfield></datafield><datafield tag="700" ind1="1" ind2=" "><subfield code="a">Cerón, Carlos</subfield><subfield code="e">author</subfield><subfield code="u">Escuela de Biología Herbario Alfredo Paredes, Universidad Central, Quito, Ecuador</subfield></datafield><datafield tag="700" ind1="1" ind2=" "><subfield code="a">Fine, Paul V. A.</subfield><subfield code="e">author</subfield><subfield code="u">Department of Integrative Biology, University of California, Berkeley, CA, 94720-3140, USA</subfield></datafield><datafield tag="773" ind1="0" ind2=" "><subfield code="t">Oecologia.</subfield><subfield code="g">2021 Aug., v. 196, no. 4 p.1119-1137</subfield><subfield code="d">Springer Berlin Heidelberg</subfield><subfield code="w">Journal:jnl44754</subfield><subfield code="x">0029-8549</subfield><subfield code="7">nnas</subfield></datafield><datafield tag="787" ind1="1" ind2=" "><subfield code="o">islandora_article_repository</subfield></datafield><datafield tag="787" ind1="1" ind2=" "><subfield code="o">product_pubag</subfield></datafield><datafield tag="787" ind1="1" ind2=" "><subfield code="o">(Journal)jnl44754</subfield></datafield><datafield tag="856" ind1="4" ind2="0"><subfield code="u">https://dx.doi.org/10.1007/s00442-021-04981-0</subfield><subfield code="3">Available from publisher's site</subfield></datafield><datafield tag="912" ind1=" " ind2=" "><subfield code="a">Article</subfield></datafield><datafield tag="914" ind1=" " ind2=" "><subfield code="a">Journal:jnl44754</subfield><subfield code="b">0029-8549</subfield><subfield code="c">196</subfield><subfield code="d">4</subfield><subfield code="e">1119</subfield></datafield><datafield tag="914" ind1=" " ind2=" "><subfield code="f">Oecologia</subfield></datafield><datafield tag="916" ind1=" " ind2=" "><subfield code="a">Batch:10192</subfield></datafield><datafield tag="917" ind1=" " ind2=" "><subfield code="a">issued</subfield></datafield><datafield tag="918" ind1="2" ind2=" "><subfield code="a">Springer</subfield><subfield code="e">provider</subfield><subfield code="5">DNAL</subfield></datafield><datafield tag="935" ind1=" " ind2=" "><subfield code="a">IND607476525</subfield><subfield code="9">ExL</subfield></datafield><datafield tag="949" ind1=" " ind2=" "><subfield code="a">2022-02-23</subfield></datafield><datafield tag="952" ind1=" " ind2=" "><subfield code="d">NAL-AP-2-clean</subfield></datafield><datafield tag="953" ind1=" " ind2=" "><subfield code="a">/data/metadata/incoming/springer/ftp_PUB_21-11-13_05-33-10.zip</subfield></datafield><datafield tag="954" ind1=" " ind2=" "><subfield code="a">file:/data/metadata/staging/springer/00442-196-4.xml</subfield></datafield><datafield tag="955" ind1=" " ind2=" "><subfield code="a">/data/metadata/staging/springer/</subfield></datafield><datafield tag="974" ind1=" " ind2=" "><subfield code="a">agid:7476525</subfield></datafield><datafield tag="983" ind1=" " ind2=" "><subfield code="a">2021-11-13</subfield></datafield><datafield tag="984" ind1=" " ind2=" "><subfield code="a">2022-02-19</subfield></datafield></record>