<record><leader>04931nab a2200601 u 4500</leader><controlfield tag="001">9915895679907426</controlfield><controlfield tag="005">20221116155328.0</controlfield><controlfield tag="008">211207e202112 xx |||||o|||||||||||eng||</controlfield><datafield tag="" ind1="7" ind2=" "><subfield code="a">IND607592273</subfield><subfield code="2">DNAL</subfield></datafield><datafield tag="024" ind1="7" ind2=" "><subfield code="a">10.1111/1365-2435.13922</subfield><subfield code="2">doi</subfield></datafield><datafield tag="035" ind1=" " ind2=" "><subfield code="a">agid:7592273-01nal_inst</subfield></datafield><datafield tag="040" ind1=" " ind2=" "><subfield code="a">AGL</subfield><subfield code="b">eng</subfield><subfield code="c">AGL</subfield></datafield><datafield tag="100" ind1="1" ind2=" "><subfield code="a">Qiao, Xuetao</subfield><subfield code="e">author</subfield><subfield code="u">Research Center of Forest Management Engineering of State Forestry and Grassland Administration, Beijing Forestry University, Beijing, China</subfield></datafield><datafield tag="245" ind1="1" ind2="0"><subfield code="a">Unravelling biodiversity–productivity relationships across a large temperate forest region</subfield></datafield><datafield tag="300" ind1=" " ind2=" "><subfield code="a">p. 2808-2820.</subfield></datafield><datafield tag="500" ind1=" " ind2=" "><subfield code="a">JOURNAL ARTICLE</subfield></datafield><datafield tag="520" ind1=" " ind2=" "><subfield code="a">Biodiversity–productivity relationship (BPR) has become a central issue of ecology and conservation biology. The current understanding of BPR mainly comes from local scales, which is, however, difficult to extend to the BPR pattern at the regional scale owing to the scale dependence of regional communities. To elucidate the BPR at the regional communities across multiple spatial scales, we investigated the 328 plots with about 30,000 trees across 700,000 km² regional area in the temperate forests. In this study, the n closest plots were aggregated to form regional clusters representing the spatial scale characterized by the spatial extent of regional communities, which were used to explore the relationships of multiple facets of biodiversity (i.e. taxonomic, functional, and phylogenetic diversity) with the productivity of regional communities. Our study provides insight into the discrepancy among taxonomic, functional, phylogenetic biodiversity in modulating productivity across the different specific biogeographical clusters within a large regional area. We found that the spatial extent of the tree community could change the importance of the multiple facets of biodiversity on productivity. Phylogenetic diversity may be a better driver of productivity at the smaller spatial scale of the regional communities. In contrast, taxonomic diversity appears to be more predominant in affecting productivity at the broader spatial scale. Our results suggest that the understanding of the BPR patterns benefited from the multiple facets of biodiversity. The findings highlight the scale dependence of the BPRs, representing the significance of the spatial extent of the regional communities on them. This would improve our abilities to interpret and predict temperate forest productivity across the different spatial scales of the regional communities. A free Plain Language Summary can be found within the Supporting Information of this article.</subfield></datafield><datafield tag="592" ind1=" " ind2=" "><subfield code="a">Publisher supplied data</subfield></datafield><datafield tag="593" ind1=" " ind2=" "><subfield code="a">PubAg article</subfield></datafield><datafield tag="596" ind1=" " ind2=" "><subfield code="a">2019JQ03001</subfield><subfield code="c">Beijing Forestry University Outstanding Young Talent Cultivation Project</subfield></datafield><datafield tag="596" ind1=" " ind2=" "><subfield code="a">31971650</subfield><subfield code="c">National Natural Science Foundation of China</subfield></datafield><datafield tag="596" ind1=" " ind2=" "><subfield code="a">2017YFC0504005</subfield><subfield code="c">National Key Research and Development Plan</subfield></datafield><datafield tag="650" ind1=" " ind2="3"><subfield code="a">geographical distribution</subfield></datafield><datafield tag="650" ind1=" " ind2="3"><subfield code="a">phylogeny</subfield></datafield><datafield tag="650" ind1=" " ind2="3"><subfield code="a">species diversity</subfield></datafield><datafield tag="650" ind1=" " ind2="3"><subfield code="a">temperate forests</subfield></datafield><datafield tag="650" ind1=" " ind2="3"><subfield code="a">trees</subfield></datafield><datafield tag="650" ind1=" " ind2="3"><subfield code="a">wildlife management</subfield></datafield><datafield tag="700" ind1="1" ind2=" "><subfield code="a">Zhang, Naili</subfield><subfield code="e">author</subfield><subfield code="u">Research Center of Forest Management Engineering of State Forestry and Grassland Administration, Beijing Forestry University, Beijing, China</subfield><subfield code="1">https://orcid.org/0000-0002-7637-9841</subfield></datafield><datafield tag="700" ind1="1" ind2=" "><subfield code="a">Zhang, Chunyu</subfield><subfield code="e">author</subfield><subfield code="u">Research Center of Forest Management Engineering of State Forestry and Grassland Administration, Beijing Forestry University, Beijing, China</subfield><subfield code="1">https://orcid.org/0000-0003-3091-5060</subfield></datafield><datafield tag="700" ind1="1" ind2=" "><subfield code="a">Zhang, Zhonghui</subfield><subfield code="e">author</subfield><subfield code="u">Jilin Provincial Academy of Forestry Sciences, Changchun, China</subfield></datafield><datafield tag="700" ind1="1" ind2=" "><subfield code="a">Zhao, Xiuhai</subfield><subfield code="e">author</subfield><subfield code="u">Research Center of Forest Management Engineering of State Forestry and Grassland Administration, Beijing Forestry University, Beijing, China</subfield></datafield><datafield tag="700" ind1="1" ind2=" "><subfield code="a">von Gadow, Klaus</subfield><subfield code="e">author</subfield><subfield code="u">Faculty of Forestry and Forest Ecology, Georg‐August‐University Göttingen, Göttingen, Germany</subfield></datafield><datafield tag="773" ind1="0" ind2=" "><subfield code="t">Functional ecology.</subfield><subfield code="g">2021 Dec., v. 35, no. 12 p.2808-2820</subfield><subfield code="d">John Wiley &amp; Sons, Ltd</subfield><subfield code="w">Journal:jnl44821</subfield><subfield code="x">0269-8463</subfield><subfield code="7">nnas</subfield></datafield><datafield tag="787" ind1="1" ind2=" "><subfield code="o">islandora_article_repository</subfield></datafield><datafield tag="787" ind1="1" ind2=" "><subfield code="o">product_pubag</subfield></datafield><datafield tag="787" ind1="1" ind2=" "><subfield code="o">(Journal)jnl44821</subfield></datafield><datafield tag="856" ind1="4" ind2="0"><subfield code="u">https://dx.doi.org/10.1111/1365-2435.13922</subfield><subfield code="3">Available from publisher's site</subfield></datafield><datafield tag="912" ind1=" " ind2=" "><subfield code="a">Article</subfield></datafield><datafield tag="914" ind1=" " ind2=" "><subfield code="a">Journal:jnl44821</subfield><subfield code="b">0269-8463</subfield><subfield code="c">35</subfield><subfield code="d">12</subfield><subfield code="e">2808</subfield></datafield><datafield tag="914" ind1=" " ind2=" "><subfield code="f">Functional ecology</subfield></datafield><datafield tag="916" ind1=" " ind2=" "><subfield code="a">Batch:10216</subfield></datafield><datafield tag="917" ind1=" " ind2=" "><subfield code="a">issued</subfield></datafield><datafield tag="918" ind1="2" ind2=" "><subfield code="a">John Wiley &amp; Sons, Inc</subfield><subfield code="e">provider</subfield><subfield code="5">DNAL</subfield></datafield><datafield tag="935" ind1=" " ind2=" "><subfield code="a">IND607592273</subfield><subfield code="9">ExL</subfield></datafield><datafield tag="949" ind1=" " ind2=" "><subfield code="a">2022-02-23</subfield></datafield><datafield tag="952" ind1=" " ind2=" "><subfield code="d">NAL-AP-2-clean</subfield></datafield><datafield tag="953" ind1=" " ind2=" "><subfield code="a">/data/metadata/incoming/wiley/02698463_2021_35_12.xml</subfield></datafield><datafield tag="954" ind1=" " ind2=" "><subfield code="a">file:/data/metadata/staging/wiley/02698463_2021_35_12.xml</subfield></datafield><datafield tag="955" ind1=" " ind2=" "><subfield code="a">/data/metadata/staging/wiley/</subfield></datafield><datafield tag="974" ind1=" " ind2=" "><subfield code="a">agid:7592273</subfield></datafield><datafield tag="983" ind1=" " ind2=" "><subfield code="a">2021-12-07</subfield></datafield><datafield tag="984" ind1=" " ind2=" "><subfield code="a">2022-02-19</subfield></datafield></record>