<record><leader>04155nab a2200613 u 4500</leader><controlfield tag="001">9915896103607426</controlfield><controlfield tag="005">20221116161923.0</controlfield><controlfield tag="008">130320e201301 xx |||||o|||||||||||eng||</controlfield><datafield tag="" ind1="7" ind2=" "><subfield code="a">IND500618244</subfield><subfield code="2">DNAL</subfield></datafield><datafield tag="024" ind1="7" ind2=" "><subfield code="a">10.1007/s10342-012-0666-x</subfield><subfield code="2">doi</subfield></datafield><datafield tag="035" ind1=" " ind2=" "><subfield code="a">agid:418475-01nal_inst</subfield></datafield><datafield tag="040" ind1=" " ind2=" "><subfield code="a">AGL</subfield><subfield code="b">eng</subfield><subfield code="c">AGL</subfield></datafield><datafield tag="100" ind1="1" ind2=" "><subfield code="a">Gil-Tena, Assu</subfield><subfield code="e">author</subfield><subfield code="u">Biodiversity and Landscape Ecology Lab, Forest Sciences Center of Catalonia, Ctra. Sant Llorenç de Morunys km 2, 25280, Solsona, Spain, assu.gil@ctfc.cat</subfield></datafield><datafield tag="245" ind1="1" ind2="0"><subfield code="a">Assessing the role of landscape connectivity in recent woodpecker range expansion in Mediterranean Europe: forest management implications</subfield></datafield><datafield tag="300" ind1=" " ind2=" "><subfield code="a">p. 181-194.</subfield></datafield><datafield tag="520" ind1=" " ind2=" "><subfield code="a">Woodpecker species have significantly expanded their ranges in the last decades of the twentieth century in Mediterranean Europe, which seems to be closely related to forest maturation following large-scale decline in traditional uses. Here we assess the explicit role of forest landscape connectivity in the colonization of the Great Spotted Woodpecker (Dendrocopos major) and the Black Woodpecker (Dryocopus martius) in Catalonia (NE Spain). For this purpose we combined data on breeding bird atlas (10 × 10 km; 1980–2000) and forest inventories (c. 1 × 1 km, 2000). Forest connectivity was measured through graph theory and habitat availability metrics (inter- and intra-patch connectivity) according to species median natal dispersal distances. The best regressions from a set of alternative models were selected based on AICc. Results showed that connectivity between areas of mature forests [diameter at breast height (dbh) ≥ 35 cm] affected Black Woodpecker colonization events. The probability of colonization of the Great Spotted Woodpecker was greater at localities near the sources of colonization in 1980 and with a high connectivity with other less developed forest patches (dbh &lt; 35 cm). The spatial grain at which landscape connectivity was measured influenced the model performance according to the species dispersal abilities, with the species with the lower mobility (D. major) responding better to the forest connectivity patterns at finer spatial scales. Overall, it seems that both species could expand further in European Mediterranean forests in upcoming years but at slower rates if landscape connectivity according to species requirements does not continue to increase. Hence, a proactive and adaptive management should be carried out in order to preserve these species while considering the related major impacts of global change in Mediterranean Europe.</subfield></datafield><datafield tag="592" ind1=" " ind2=" "><subfield code="a">Publisher supplied data</subfield></datafield><datafield tag="593" ind1=" " ind2=" "><subfield code="a">PubAg article</subfield></datafield><datafield tag="650" ind1=" " ind2="3"><subfield code="a">forest inventory</subfield></datafield><datafield tag="650" ind1=" " ind2="3"><subfield code="a">forest management</subfield></datafield><datafield tag="650" ind1=" " ind2="3"><subfield code="a">forests</subfield></datafield><datafield tag="650" ind1=" " ind2="3"><subfield code="a">global change</subfield></datafield><datafield tag="650" ind1=" " ind2="3"><subfield code="a">grains</subfield></datafield><datafield tag="650" ind1=" " ind2="3"><subfield code="a">habitats</subfield></datafield><datafield tag="650" ind1=" " ind2="3"><subfield code="a">landscapes</subfield></datafield><datafield tag="650" ind1=" " ind2="3"><subfield code="a">model validation</subfield></datafield><datafield tag="650" ind1=" " ind2="3"><subfield code="a">models</subfield></datafield><datafield tag="650" ind1=" " ind2="3"><subfield code="a">probability</subfield></datafield><datafield tag="650" ind1=" " ind2="3"><subfield code="a">species dispersal</subfield></datafield><datafield tag="650" ind1=" " ind2="3"><subfield code="a">tree and stand measurements</subfield></datafield><datafield tag="650" ind1=" " ind2="3"><subfield code="a">woodpeckers</subfield></datafield><datafield tag="651" ind1=" " ind2="3"><subfield code="a">Spain</subfield></datafield><datafield tag="700" ind1="1" ind2=" "><subfield code="a">Brotons, Lluís</subfield><subfield code="e">author</subfield></datafield><datafield tag="700" ind1="1" ind2=" "><subfield code="a">Fortin, Marie-Josée</subfield><subfield code="e">author</subfield></datafield><datafield tag="700" ind1="1" ind2=" "><subfield code="a">Burel, Françoise</subfield><subfield code="e">author</subfield></datafield><datafield tag="700" ind1="1" ind2=" "><subfield code="a">Saura, Santiago</subfield><subfield code="e">author</subfield></datafield><datafield tag="773" ind1="0" ind2=" "><subfield code="t">European journal of forest research.</subfield><subfield code="g">2013 Jan., v. 132, no. 1 p.181-194</subfield><subfield code="d">Springer-Verlag</subfield><subfield code="x">1612-4669</subfield><subfield code="7">nnas</subfield></datafield><datafield tag="787" ind1="1" ind2=" "><subfield code="o">islandora_article_repository</subfield></datafield><datafield tag="787" ind1="1" ind2=" "><subfield code="o">product_pubag</subfield></datafield><datafield tag="787" ind1="1" ind2=" "><subfield code="o">(Journal)jnl3870054</subfield></datafield><datafield tag="856" ind1="4" ind2="0"><subfield code="u">http://dx.doi.org/10.1007/s10342-012-0666-x</subfield></datafield><datafield tag="912" ind1=" " ind2=" "><subfield code="a">Article</subfield></datafield><datafield tag="914" ind1=" " ind2=" "><subfield code="a">Journal:jnl3870054</subfield><subfield code="b">1612-4669</subfield><subfield code="c">132</subfield><subfield code="d">1</subfield><subfield code="e">181</subfield></datafield><datafield tag="914" ind1=" " ind2=" "><subfield code="f">European journal of forest research</subfield></datafield><datafield tag="917" ind1=" " ind2=" "><subfield code="a">issued</subfield></datafield><datafield tag="918" ind1="2" ind2=" "><subfield code="a">Springer</subfield><subfield code="e">provider</subfield><subfield code="5">DNAL</subfield></datafield><datafield tag="935" ind1=" " ind2=" "><subfield code="a">IND500618244</subfield><subfield code="9">ExL</subfield></datafield><datafield tag="949" ind1=" " ind2=" "><subfield code="a">2013-05-29</subfield></datafield><datafield tag="951" ind1=" " ind2=" "><subfield code="a">2013-03-20</subfield></datafield><datafield tag="953" ind1=" " ind2=" "><subfield code="a">ftp_PUB_13-01-03_08-09-15.zip</subfield></datafield><datafield tag="962" ind1=" " ind2=" "><subfield code="a">Journal title changed from 'Eur J Forest Res'</subfield></datafield><datafield tag="962" ind1=" " ind2=" "><subfield code="a">Batch:208 annotated on 2013-05-08T14:22:30Z</subfield></datafield><datafield tag="962" ind1=" " ind2=" "><subfield code="a">Batch:208 reviewed on 2013-05-29T13:00:02Z</subfield></datafield><datafield tag="974" ind1=" " ind2=" "><subfield code="a">agid:418475</subfield></datafield></record>