<record><leader>04978nab a2200721 u 4500</leader><controlfield tag="001">9915896191107426</controlfield><controlfield tag="005">20221116162135.0</controlfield><controlfield tag="008">210831e202107 xx |||||o|||||||||||eng||</controlfield><datafield tag="" ind1="7" ind2=" "><subfield code="a">IND607492107</subfield><subfield code="2">DNAL</subfield></datafield><datafield tag="024" ind1="7" ind2=" "><subfield code="a">10.1111/jvs.13049</subfield><subfield code="2">doi</subfield></datafield><datafield tag="035" ind1=" " ind2=" "><subfield code="a">agid:7492107-01nal_inst</subfield></datafield><datafield tag="040" ind1=" " ind2=" "><subfield code="a">AGL</subfield><subfield code="b">eng</subfield><subfield code="c">AGL</subfield></datafield><datafield tag="100" ind1="1" ind2=" "><subfield code="a">Silva, José Luiz Alves</subfield><subfield code="e">author</subfield><subfield code="u">Laboratório de Ciências Ambientais, Universidade Estadual do Norte Fluminense Darcy Ribeiro, Campos Dos Goytacazes, Brazil</subfield><subfield code="1">https://orcid.org/0000-0003-0314-7625</subfield></datafield><datafield tag="245" ind1="1" ind2="0"><subfield code="a">Historical and current environmental selection on functional traits of trees in the Atlantic Forest biodiversity hotspot</subfield></datafield><datafield tag="500" ind1=" " ind2=" "><subfield code="a">JOURNAL ARTICLE</subfield></datafield><datafield tag="520" ind1=" " ind2=" "><subfield code="a">QUESTIONS: How is community functional composition associated with environmental and historical factors and how is this relationship mediated by spatial and phylogenetic autocorrelation? LOCATION: Atlantic Forest of South America. METHODS: We compiled abundance data of 2,122 species (most trees) distributed across 281 communities, seven functional traits, and 29 environmental and historical predictors. We mapped traits using community‐weighted means, and related traits to predictors by combining the fourth‐corner and the extended RLQ approaches. RESULTS: We found that decreases in rainfall, soil nutrition, biome stability in the last 120 kyr, and the increase in thermal variability were associated with high specific leaf area (SLA) and leaf N content, and reduced leaf thickness. In addition, increased temperature and soil sand content, and low biome stability in the last 21 kyr were associated with high wood density and leaf dry matter content, and reduced maximum plant height. Tree communities rich in taxa with N‐rich thin leaves and high SLA were mostly located in semideciduous and deciduous forests (e.g., Fabaceae), while communities rich in taxa with N‐poor thick leaves and low SLA were mostly found in rain forests (e.g., Myrtaceae and Lauraceae). Species with short stature, high wood density and heavy leaves were particularly abundant in the northern part of the Atlantic Forest (e.g., Myrtaceae), whereas tall species with light wood and leaves were abundant in the south (e.g., Lauraceae). There was not a particular direction in which seed dry mass increased most in response to predictors. CONCLUSIONS: Our study reinforces the view that the multifaceted nature of community assembly needs analytical approaches that integrate abundance, functional, phylogenetic, and spatial data to properly understand how environmental and historical factors determine the dominance of functional traits. The observed patterns suggest that different regions of a given biome function in different ways, and probably provide different ecosystem services.</subfield></datafield><datafield tag="592" ind1=" " ind2=" "><subfield code="a">Publisher supplied data</subfield></datafield><datafield tag="593" ind1=" " ind2=" "><subfield code="a">PubAg article</subfield></datafield><datafield tag="596" ind1=" " ind2=" "><subfield code="a">EDITAL ProPPG 003/2019</subfield><subfield code="c">Universidade Estadual do Norte Fluminense Darcy Ribeiro</subfield></datafield><datafield tag="596" ind1=" " ind2=" "><subfield code="a">302330/2019‐4</subfield><subfield code="c">Conselho Nacional de Desenvolvimento Científico e Tecnológico</subfield></datafield><datafield tag="650" ind1=" " ind2="3"><subfield code="a">Fabaceae</subfield></datafield><datafield tag="650" ind1=" " ind2="3"><subfield code="a">Lauraceae</subfield></datafield><datafield tag="650" ind1=" " ind2="3"><subfield code="a">Myrtaceae</subfield></datafield><datafield tag="650" ind1=" " ind2="3"><subfield code="a">autocorrelation</subfield></datafield><datafield tag="650" ind1=" " ind2="3"><subfield code="a">biodiversity</subfield></datafield><datafield tag="650" ind1=" " ind2="3"><subfield code="a">ecosystems</subfield></datafield><datafield tag="650" ind1=" " ind2="3"><subfield code="a">leaf dry matter content</subfield></datafield><datafield tag="650" ind1=" " ind2="3"><subfield code="a">leaf thickness</subfield></datafield><datafield tag="650" ind1=" " ind2="3"><subfield code="a">leaves</subfield></datafield><datafield tag="650" ind1=" " ind2="3"><subfield code="a">nitrogen content</subfield></datafield><datafield tag="650" ind1=" " ind2="3"><subfield code="a">nutrition</subfield></datafield><datafield tag="650" ind1=" " ind2="3"><subfield code="a">phylogeny</subfield></datafield><datafield tag="650" ind1=" " ind2="3"><subfield code="a">plant height</subfield></datafield><datafield tag="650" ind1=" " ind2="3"><subfield code="a">rain</subfield></datafield><datafield tag="650" ind1=" " ind2="3"><subfield code="a">sand fraction</subfield></datafield><datafield tag="650" ind1=" " ind2="3"><subfield code="a">spatial data</subfield></datafield><datafield tag="650" ind1=" " ind2="3"><subfield code="a">specific leaf area</subfield></datafield><datafield tag="650" ind1=" " ind2="3"><subfield code="a">temperature</subfield></datafield><datafield tag="650" ind1=" " ind2="3"><subfield code="a">wood</subfield></datafield><datafield tag="650" ind1=" " ind2="3"><subfield code="a">wood density</subfield></datafield><datafield tag="651" ind1=" " ind2="3"><subfield code="a">South America</subfield></datafield><datafield tag="700" ind1="1" ind2=" "><subfield code="a">Souza, Alexandre F.</subfield><subfield code="e">author</subfield><subfield code="u">Departamento de Ecologia, Universidade Federal do Rio Grande do Norte, Natal, Brazil</subfield><subfield code="1">https://orcid.org/0000-0001-7468-3631</subfield></datafield><datafield tag="700" ind1="1" ind2=" "><subfield code="a">Vitória, Angela Pierre</subfield><subfield code="e">author</subfield><subfield code="u">Laboratório de Ciências Ambientais, Universidade Estadual do Norte Fluminense Darcy Ribeiro, Campos Dos Goytacazes, Brazil</subfield><subfield code="1">https://orcid.org/0000-0001-8313-3068</subfield></datafield><datafield tag="773" ind1="0" ind2=" "><subfield code="t">Journal of vegetation science.</subfield><subfield code="g">2021 July, v. 32, no. 4 p.e13049-</subfield><subfield code="d">John Wiley &amp; Sons, Ltd</subfield><subfield code="w">Journal:jnl46820</subfield><subfield code="x">1100-9233</subfield><subfield code="7">nnas</subfield></datafield><datafield tag="787" ind1="1" ind2=" "><subfield code="o">islandora_article_repository</subfield></datafield><datafield tag="787" ind1="1" ind2=" "><subfield code="o">product_pubag</subfield></datafield><datafield tag="787" ind1="1" ind2=" "><subfield code="o">(Journal)jnl46820</subfield></datafield><datafield tag="856" ind1="4" ind2="0"><subfield code="u">http://dx.doi.org/10.1111/jvs.13049</subfield><subfield code="3">Available from publisher's site</subfield></datafield><datafield tag="912" ind1=" " ind2=" "><subfield code="a">Article</subfield></datafield><datafield tag="914" ind1=" " ind2=" "><subfield code="a">Journal:jnl46820</subfield><subfield code="b">1100-9233</subfield><subfield code="c">32</subfield><subfield code="d">4</subfield><subfield code="e">e13049</subfield></datafield><datafield tag="914" ind1=" " ind2=" "><subfield code="f">Journal of vegetation science</subfield></datafield><datafield tag="916" ind1=" " ind2=" "><subfield code="a">Batch:10192</subfield></datafield><datafield tag="917" ind1=" " ind2=" "><subfield code="a">issued</subfield></datafield><datafield tag="918" ind1="2" ind2=" "><subfield code="a">John Wiley &amp; Sons, Inc</subfield><subfield code="e">provider</subfield><subfield code="5">DNAL</subfield></datafield><datafield tag="935" ind1=" " ind2=" "><subfield code="a">IND607492107</subfield><subfield code="9">ExL</subfield></datafield><datafield tag="949" ind1=" " ind2=" "><subfield code="a">2022-02-22</subfield></datafield><datafield tag="952" ind1=" " ind2=" "><subfield code="d">NAL-AP-2-clean</subfield></datafield><datafield tag="953" ind1=" " ind2=" "><subfield code="a">/data/metadata/incoming/wiley/11009233_2021_32_4.xml</subfield></datafield><datafield tag="954" ind1=" " ind2=" "><subfield code="a">file:/data/metadata/staging/wiley/11009233_2021_32_4.xml</subfield></datafield><datafield tag="955" ind1=" " ind2=" "><subfield code="a">/data/metadata/staging/wiley/</subfield></datafield><datafield tag="974" ind1=" " ind2=" "><subfield code="a">agid:7492107</subfield></datafield><datafield tag="983" ind1=" " ind2=" "><subfield code="a">2021-08-31</subfield></datafield><datafield tag="984" ind1=" " ind2=" "><subfield code="a">2022-02-18</subfield></datafield></record>