<record><leader>04161nab a2200697 u 4500</leader><controlfield tag="001">9915896544807426</controlfield><controlfield tag="005">20221116164818.0</controlfield><controlfield tag="008">141102e201201 xx |||||o|||||||||||eng||</controlfield><datafield tag="" ind1="7" ind2=" "><subfield code="a">IND600890783</subfield><subfield code="2">DNAL</subfield></datafield><datafield tag="024" ind1="7" ind2=" "><subfield code="a">10.1/j.atmosenv.2011.03.004</subfield><subfield code="2">doi</subfield></datafield><datafield tag="035" ind1=" " ind2=" "><subfield code="a">agid:890783-01nal_inst</subfield></datafield><datafield tag="040" ind1=" " ind2=" "><subfield code="a">AGL</subfield><subfield code="b">eng</subfield><subfield code="c">AGL</subfield></datafield><datafield tag="100" ind1="1" ind2=" "><subfield code="a">Zhang, Xiuying</subfield><subfield code="e">author</subfield><subfield code="u">International Institute for Earth System Science, Nanjing University, Nanjing 210093, China</subfield></datafield><datafield tag="245" ind1="1" ind2="0"><subfield code="a">Analysis of acid rain patterns in northeastern China using a decision tree method</subfield></datafield><datafield tag="300" ind1=" " ind2=" "><subfield code="a">p. 590-596.</subfield></datafield><datafield tag="520" ind1=" " ind2=" "><subfield code="a">Acid rain is a major regional-scale environmental problem in China. To control acid rain pollution and to protect the ecological environment, it is urgent to document acid rain patterns in various regions of China. Taking Liaoning Province as the study area, the present work focused on the spatial and temporal variations of acid rains in northeastern China. It presents a means for predicting the occurrence of acid rain using geographic position, terrain characteristics, routinely monitored meteorological factors and column concentrations of atmospheric SO₂ and NO₂. The analysis applies a decision tree approach to the foregoing observation data. Results showed that: (1) acid rain occurred at 17 stations among the 81 monitoring stations in Liaoning Province, with the frequency of acid rain from 0 to 84.38%; (2) summer had the most acid rain occurrences followed by spring and autumn, and the winter had the least; (3) the total accuracy for the simulation of precipitation pH (pH ≤ 4.5, 4.5 &lt; pH ≤ 5.6, and pH &gt; 5.6) was 98.04% using the decision tree method known as C5. The simulation results also indicated that the distance to coastline, elevation, wind direction, wind speed, rainfall amount, atmospheric pressure, and the precursors of acid rain all have a strong influence on the occurrence of acid rains in northeastern China.</subfield></datafield><datafield tag="592" ind1=" " ind2=" "><subfield code="a">Publisher supplied data</subfield></datafield><datafield tag="593" ind1=" " ind2=" "><subfield code="a">PubAg article</subfield></datafield><datafield tag="650" ind1=" " ind2="3"><subfield code="a">acid deposition</subfield></datafield><datafield tag="650" ind1=" " ind2="3"><subfield code="a">atmospheric chemistry</subfield></datafield><datafield tag="650" ind1=" " ind2="3"><subfield code="a">atmospheric pressure</subfield></datafield><datafield tag="650" ind1=" " ind2="3"><subfield code="a">autumn</subfield></datafield><datafield tag="650" ind1=" " ind2="3"><subfield code="a">coasts</subfield></datafield><datafield tag="650" ind1=" " ind2="3"><subfield code="a">decision support systems</subfield></datafield><datafield tag="650" ind1=" " ind2="3"><subfield code="a">monitoring</subfield></datafield><datafield tag="650" ind1=" " ind2="3"><subfield code="a">nitrogen dioxide</subfield></datafield><datafield tag="650" ind1=" " ind2="3"><subfield code="a">pH</subfield></datafield><datafield tag="650" ind1=" " ind2="3"><subfield code="a">pollution</subfield></datafield><datafield tag="650" ind1=" " ind2="3"><subfield code="a">prediction</subfield></datafield><datafield tag="650" ind1=" " ind2="3"><subfield code="a">rain</subfield></datafield><datafield tag="650" ind1=" " ind2="3"><subfield code="a">spring</subfield></datafield><datafield tag="650" ind1=" " ind2="3"><subfield code="a">sulfur dioxide</subfield></datafield><datafield tag="650" ind1=" " ind2="3"><subfield code="a">summer</subfield></datafield><datafield tag="650" ind1=" " ind2="3"><subfield code="a">temporal variation</subfield></datafield><datafield tag="650" ind1=" " ind2="3"><subfield code="a">wind direction</subfield></datafield><datafield tag="650" ind1=" " ind2="3"><subfield code="a">wind speed</subfield></datafield><datafield tag="650" ind1=" " ind2="3"><subfield code="a">winter</subfield></datafield><datafield tag="651" ind1=" " ind2="3"><subfield code="a">China</subfield></datafield><datafield tag="700" ind1="1" ind2=" "><subfield code="a">Jiang, Hong</subfield><subfield code="e">author</subfield><subfield code="u">International Institute for Earth System Science, Nanjing University, Nanjing 210093, China; State Key Laboratory of Subtropical Forest Science &amp; Zhejiang Provincial Key Laboratory of Carbon Cycling in Forest Ecosystems and Carbon Sequestration, Zhejiang Agriculture and Forestry University, Hangzhou 311300, China</subfield></datafield><datafield tag="700" ind1="1" ind2=" "><subfield code="a">Jin, Jiaxin</subfield><subfield code="e">author</subfield><subfield code="u">International Institute for Earth System Science, Nanjing University, Nanjing 210093, China</subfield></datafield><datafield tag="700" ind1="1" ind2=" "><subfield code="a">Xu, Xiaohua</subfield><subfield code="e">author</subfield><subfield code="u">International Institute for Earth System Science, Nanjing University, Nanjing 210093, China</subfield></datafield><datafield tag="700" ind1="1" ind2=" "><subfield code="a">Zhang, Qingxin</subfield><subfield code="e">author</subfield><subfield code="u">Liaoning Environmental Monitoring Center, Shenyang 110031 China</subfield></datafield><datafield tag="773" ind1="0" ind2=" "><subfield code="t">Atmospheric environment.</subfield><subfield code="g">2012 Jan., v. 46 p.590-596</subfield><subfield code="d">Elsevier Ltd</subfield><subfield code="x">1352-2310</subfield><subfield code="7">nnas</subfield></datafield><datafield tag="787" ind1="1" ind2=" "><subfield code="o">islandora_article_repository</subfield></datafield><datafield tag="787" ind1="1" ind2=" "><subfield code="o">product_pubag</subfield></datafield><datafield tag="787" ind1="1" ind2=" "><subfield code="o">(Journal)12031</subfield></datafield><datafield tag="856" ind1="4" ind2="0"><subfield code="u">http://dx.doi.org/10.1/j.atmosenv.2011.03.004</subfield><subfield code="3">Available from publisher's site</subfield></datafield><datafield tag="912" ind1=" " ind2=" "><subfield code="a">Article</subfield></datafield><datafield tag="914" ind1=" " ind2=" "><subfield code="a">Journal:12031</subfield><subfield code="b">1352-2310</subfield><subfield code="c">46</subfield><subfield code="e">590</subfield></datafield><datafield tag="914" ind1=" " ind2=" "><subfield code="f">Atmospheric environment</subfield></datafield><datafield tag="916" ind1=" " ind2=" "><subfield code="a">Batch:953</subfield></datafield><datafield tag="917" ind1=" " ind2=" "><subfield code="a">issued</subfield></datafield><datafield tag="918" ind1="2" ind2=" "><subfield code="a">Elsevier B.V.</subfield><subfield code="e">provider</subfield><subfield code="5">DNAL</subfield></datafield><datafield tag="935" ind1=" " ind2=" "><subfield code="a">IND600890783</subfield><subfield code="9">ExL</subfield></datafield><datafield tag="949" ind1=" " ind2=" "><subfield code="a">2015-06-24</subfield></datafield><datafield tag="953" ind1=" " ind2=" "><subfield code="a">NAL20580135223100046000C.xml</subfield></datafield><datafield tag="962" ind1=" " ind2=" "><subfield code="a">Batch:953 reviewed on 2015-06-23T16:00:02Z</subfield></datafield><datafield tag="962" ind1=" " ind2=" "><subfield code="a">Batch:953 reviewed on 2015-06-24T04:00:04Z</subfield></datafield><datafield tag="974" ind1=" " ind2=" "><subfield code="a">agid:890783</subfield></datafield><datafield tag="983" ind1=" " ind2=" "><subfield code="a">2014-11-02</subfield></datafield><datafield tag="984" ind1=" " ind2=" "><subfield code="a">2015-06-24</subfield></datafield></record>