<record><leader>05184nab a2200841 u 4500</leader><controlfield tag="001">9915896605507426</controlfield><controlfield tag="005">20221116164821.0</controlfield><controlfield tag="008">220205e20220115xx |||||o|||||||||||eng||</controlfield><datafield tag="" ind1="7" ind2=" "><subfield code="a">IND607569267</subfield><subfield code="2">DNAL</subfield></datafield><datafield tag="024" ind1="7" ind2=" "><subfield code="a">10.1/j.agrformet.2021.108712</subfield><subfield code="2">doi</subfield></datafield><datafield tag="035" ind1=" " ind2=" "><subfield code="a">agid:7569267-01nal_inst</subfield></datafield><datafield tag="040" ind1=" " ind2=" "><subfield code="a">AGL</subfield><subfield code="b">eng</subfield><subfield code="c">AGL</subfield></datafield><datafield tag="100" ind1="1" ind2=" "><subfield code="a">González de Andrés, Ester</subfield><subfield code="e">author</subfield><subfield code="u">Instituto Pirenaico de Ecología (IPE-CSIC), Avda. Montañana, 1005, 50059 Zaragoza, Spain</subfield></datafield><datafield tag="245" ind1="1" ind2="0"><subfield code="a">Changes in tree growth synchrony and resilience in Siberian Pinus sylvestris forests are modulated by fire dynamics and ecohydrological conditions</subfield></datafield><datafield tag="520" ind1=" " ind2=" "><subfield code="a">Wildfires are the main disturbance of boreal ecosystems, one of the largest reservoirs of terrestrial carbon. Two-thirds of boreal forests are in Siberia, where peatlands commonly appear mixed with mineral soils. Siberian forests are currently facing a dual shift in environmental conditions regarding climate change and increased fire activity. Therefore, assessing growth patterns of trees subjected to different disturbance regimes is essential to understand the impact of ongoing environmental changes on forest functioning. Following a dendroecological approach, we aimed at analyzing spatial synchrony (âC) patterns of trees subjected to different ecohydrological and fire disturbance conditions in forests of Pinus sylvestris of south-western Siberia. Furthermore, we assessed growth suppression as a proxy for fire occurrence based on tree-ring width chronologies after removing climate signals. Our results endorsed climate as the main driver of âC, which showed different trends depending on substrate type. A release of temperature constraints in the more temperature-limited peat soils led to decreasing âC from mid-1960s onwards, while the opposite pattern was found in mineral soils where stronger reliance on summer precipitation progressively increased âC. However, frequently burned stands suffered a sharp reduction in âC since 1980s likely due to the decoupling of growth from climate as a result of an increase in fire activity. Strong replication of growth suppressions supported by historical and palaeoecological records pointed to 1915, 1952, 1977, 1983, 2003 and 2012 as potential fire years. Post-fire legacies on tree growth after such fire events lasted from one to five years, although differences were modulated by soil type, fire event, growth rate prior fire and tree age. This study highlights the usefulness of addressing spatial synchrony in tree growth and past growth suppressions to disentangle the impacts of climate change and increased fire occurrence on boreal forests.</subfield></datafield><datafield tag="592" ind1=" " ind2=" "><subfield code="a">Publisher supplied data</subfield></datafield><datafield tag="593" ind1=" " ind2=" "><subfield code="a">PubAg article</subfield></datafield><datafield tag="650" ind1=" " ind2="3"><subfield code="a">Pinus sylvestris</subfield></datafield><datafield tag="650" ind1=" " ind2="3"><subfield code="a">Siberia</subfield></datafield><datafield tag="650" ind1=" " ind2="3"><subfield code="a">carbon</subfield></datafield><datafield tag="650" ind1=" " ind2="3"><subfield code="a">climate</subfield></datafield><datafield tag="650" ind1=" " ind2="3"><subfield code="a">climate change</subfield></datafield><datafield tag="650" ind1=" " ind2="3"><subfield code="a">dendroecology</subfield></datafield><datafield tag="650" ind1=" " ind2="3"><subfield code="a">growth rings</subfield></datafield><datafield tag="650" ind1=" " ind2="3"><subfield code="a">hydrologic cycle</subfield></datafield><datafield tag="650" ind1=" " ind2="3"><subfield code="a">meteorology</subfield></datafield><datafield tag="650" ind1=" " ind2="3"><subfield code="a">paleoecology</subfield></datafield><datafield tag="650" ind1=" " ind2="3"><subfield code="a">peat</subfield></datafield><datafield tag="650" ind1=" " ind2="3"><subfield code="a">peatlands</subfield></datafield><datafield tag="650" ind1=" " ind2="3"><subfield code="a">summer</subfield></datafield><datafield tag="650" ind1=" " ind2="3"><subfield code="a">temperature</subfield></datafield><datafield tag="650" ind1=" " ind2="3"><subfield code="a">tree age</subfield></datafield><datafield tag="650" ind1=" " ind2="3"><subfield code="a">tree growth</subfield></datafield><datafield tag="653" ind1=" " ind2="0"><subfield code="a">growth suppressions</subfield></datafield><datafield tag="653" ind1=" " ind2="0"><subfield code="a">mineral soil</subfield></datafield><datafield tag="653" ind1=" " ind2="0"><subfield code="a">peat soil</subfield></datafield><datafield tag="653" ind1=" " ind2="0"><subfield code="a">Scots pine</subfield></datafield><datafield tag="653" ind1=" " ind2="0"><subfield code="a">spatial synchrony</subfield></datafield><datafield tag="653" ind1=" " ind2="0"><subfield code="a">wildfire regime</subfield></datafield><datafield tag="653" ind1=" " ind2="0"><subfield code="a">âC</subfield></datafield><datafield tag="653" ind1=" " ind2="0"><subfield code="a">TRW</subfield></datafield><datafield tag="653" ind1=" " ind2="0"><subfield code="a">EPS</subfield></datafield><datafield tag="653" ind1=" " ind2="0"><subfield code="a">Rbar</subfield></datafield><datafield tag="653" ind1=" " ind2="0"><subfield code="a">VCOV</subfield></datafield><datafield tag="653" ind1=" " ind2="0"><subfield code="a">DBH</subfield></datafield><datafield tag="653" ind1=" " ind2="0"><subfield code="a">MB</subfield></datafield><datafield tag="653" ind1=" " ind2="0"><subfield code="a">MU</subfield></datafield><datafield tag="653" ind1=" " ind2="0"><subfield code="a">P</subfield></datafield><datafield tag="700" ind1="1" ind2=" "><subfield code="a">Shestakova, Tatiana A.</subfield><subfield code="e">author</subfield><subfield code="u">Woodwell Climate Research Center, 149 Woods Hole Rd., Falmouth, MA 02540, USA</subfield></datafield><datafield tag="700" ind1="1" ind2=" "><subfield code="a">Scholten, Rebecca C.</subfield><subfield code="e">author</subfield><subfield code="u">Faculty of Sciences, Vrije Universiteit Amsterdam, 1081 HV Amsterdam, The Netherlands</subfield></datafield><datafield tag="700" ind1="1" ind2=" "><subfield code="a">Delcourt, Clement J.F.</subfield><subfield code="e">author</subfield><subfield code="u">Faculty of Sciences, Vrije Universiteit Amsterdam, 1081 HV Amsterdam, The Netherlands</subfield></datafield><datafield tag="700" ind1="1" ind2=" "><subfield code="a">Gorina, Natalia V.</subfield><subfield code="e">author</subfield><subfield code="u">Department of Ecology, Natural Use and Environmental Engineering, National Tomsk State University, Tomsk, 634050, Lenina Pr., 36, Russia</subfield></datafield><datafield tag="700" ind1="1" ind2=" "><subfield code="a">Camarero, J. Julio</subfield><subfield code="e">author</subfield><subfield code="u">Instituto Pirenaico de Ecología (IPE-CSIC), Avda. Montañana, 1005, 50059 Zaragoza, Spain</subfield></datafield><datafield tag="773" ind1="0" ind2=" "><subfield code="t">Agricultural and forest meteorology.</subfield><subfield code="g">2022 Jan. 15, v. 312 p.108712-</subfield><subfield code="d">Elsevier B.V.</subfield><subfield code="w">Journal:jnl43250</subfield><subfield code="x">8-1923</subfield><subfield code="7">nnas</subfield></datafield><datafield tag="787" ind1="1" ind2=" "><subfield code="o">islandora_article_repository</subfield></datafield><datafield tag="787" ind1="1" ind2=" "><subfield code="o">product_pubag</subfield></datafield><datafield tag="787" ind1="1" ind2=" "><subfield code="o">(Journal)jnl43250</subfield></datafield><datafield tag="856" ind1="4" ind2="0"><subfield code="u">https://dx.doi.org/10.1/j.agrformet.2021.108712</subfield><subfield code="3">Available from publisher's site</subfield></datafield><datafield tag="912" ind1=" " ind2=" "><subfield code="a">Article</subfield></datafield><datafield tag="914" ind1=" " ind2=" "><subfield code="a">Journal:jnl43250</subfield><subfield code="b">8-1923</subfield><subfield code="c">312</subfield><subfield code="e">108712</subfield></datafield><datafield tag="914" ind1=" " ind2=" "><subfield code="f">Agricultural and forest meteorology</subfield></datafield><datafield tag="916" ind1=" " ind2=" "><subfield code="a">Batch:10216</subfield></datafield><datafield tag="917" ind1=" " ind2=" "><subfield code="a">issued</subfield></datafield><datafield tag="918" ind1="2" ind2=" "><subfield code="a">Elsevier Consyn</subfield><subfield code="e">provider</subfield><subfield code="5">DNAL</subfield></datafield><datafield tag="935" ind1=" " ind2=" "><subfield code="a">IND607569267</subfield><subfield code="9">ExL</subfield></datafield><datafield tag="949" ind1=" " ind2=" "><subfield code="a">2022-02-23</subfield></datafield><datafield tag="952" ind1=" " ind2=" "><subfield code="d">NAL-AP-2-clean</subfield></datafield><datafield tag="953" ind1=" " ind2=" "><subfield code="a">/data/metadata/incoming/consyn/147571087649219971-00002-HEAD-ONLY-NEW CONSYN ISSNS.zip</subfield></datafield><datafield tag="954" ind1=" " ind2=" "><subfield code="a">file:/data/metadata/staging/consyn/S8192321003981.xml</subfield></datafield><datafield tag="955" ind1=" " ind2=" "><subfield code="a">/data/metadata/staging/consyn/</subfield></datafield><datafield tag="974" ind1=" " ind2=" "><subfield code="a">agid:7569267</subfield></datafield><datafield tag="983" ind1=" " ind2=" "><subfield code="a">2022-02-05</subfield></datafield><datafield tag="984" ind1=" " ind2=" "><subfield code="a">2022-02-21</subfield></datafield></record>