<record><leader>03998nab a2200529 u 4500</leader><controlfield tag="001">9915896870407426</controlfield><controlfield tag="005">20221116171735.0</controlfield><controlfield tag="008">141110e201103 xx |||||o|||||||||||eng||</controlfield><datafield tag="" ind1="7" ind2=" "><subfield code="a">IND44832042</subfield><subfield code="2">DNAL</subfield></datafield><datafield tag="024" ind1="7" ind2=" "><subfield code="a">10.1/j.baae.2010.11.007</subfield><subfield code="2">doi</subfield></datafield><datafield tag="035" ind1=" " ind2=" "><subfield code="a">agid:370791-01nal_inst</subfield></datafield><datafield tag="040" ind1=" " ind2=" "><subfield code="a">AGL</subfield><subfield code="b">eng</subfield><subfield code="c">AGL</subfield></datafield><datafield tag="100" ind1="1" ind2=" "><subfield code="a">Quero, José L.</subfield><subfield code="e">author</subfield><subfield code="u">Grupo de Ecología Terrestre, Departamento de Ecología, Facultad de Ciencias, Universidad de Granada, 18071 Granada, Spain; Forest Ecology and Forest Management Group, Centre for Ecosystem Studies, Wageningen University, P.O. Box 47, 6700 AA Wageningen, The Netherlands; Área de Biodiversidad y Conservación, Departamento de Biología y Geología, Escuela Superior de Ciencias Experimentales y Tecnología, Universidad Rey Juan Carlos, 28933 Móstoles, Spain</subfield></datafield><datafield tag="245" ind1="1" ind2="0"><subfield code="a">Linking stochasticity to determinism of woody plant recruitment in a mosaic landscape: A spatially explicit approach</subfield></datafield><datafield tag="300" ind1=" " ind2=" "><subfield code="a">p. 161-171.</subfield></datafield><datafield tag="500" ind1=" " ind2=" "><subfield code="a">2019-12-05</subfield></datafield><datafield tag="520" ind1=" " ind2=" "><subfield code="a">Here, we investigate small-scale spatial variation of environmental factors potentially influencing woody-plant establishment for 3 years (2004, 2005 and 2006) along a heterogeneous landscape. Environmental variables of over 2883 potential microsites were sampled in different landscape units with a spatially explicit design, and seeds of four tree species were sown at the different microsites. We used spatial-analysis techniques to quantify spatial heterogeneity of the environment surrounding the seeds, and to relate seedling and sapling survival to the spatial structure of environmental factors studied. Most environmental variables showed aggregated spatial patterns among landscape units. However, survival showed random spatial patterns in most of the cases, although it may depend on year-to-year variation of precipitation. Thus, spatial patterns of survival were random under both wet and dry conditions, while aggregated patterns emerged under intermediate conditions. Aggregated survival, if detected, was better explained by the environmental variables studied as plant age increased. In addition, the spatial consistency found across demographic stages, represents hotspots of recruitment, for which direct identification would be critical for restoration activities. Our results showed a balance between stochasticity at early stages and environmental determinism at later stages, showing, behind the idiosyncratic character of plant recruitment, stronger general rules at sapling stages.</subfield></datafield><datafield tag="592" ind1=" " ind2=" "><subfield code="a">Publisher supplied data</subfield></datafield><datafield tag="593" ind1=" " ind2=" "><subfield code="a">PubAg article</subfield></datafield><datafield tag="650" ind1=" " ind2="3"><subfield code="a">seeds</subfield></datafield><datafield tag="650" ind1=" " ind2="3"><subfield code="a">seedlings</subfield></datafield><datafield tag="650" ind1=" " ind2="3"><subfield code="a">environmental factors</subfield></datafield><datafield tag="650" ind1=" " ind2="3"><subfield code="a">trees</subfield></datafield><datafield tag="650" ind1=" " ind2="3"><subfield code="a">woody plants</subfield></datafield><datafield tag="650" ind1=" " ind2="3"><subfield code="a">plant age</subfield></datafield><datafield tag="653" ind1=" " ind2="0"><subfield code="a">recruitment</subfield></datafield><datafield tag="700" ind1="1" ind2=" "><subfield code="a">Herrero, Asier</subfield><subfield code="e">author</subfield><subfield code="u">Grupo de Ecología Terrestre, Departamento de Ecología, Facultad de Ciencias, Universidad de Granada, 18071 Granada, Spain</subfield></datafield><datafield tag="700" ind1="1" ind2=" "><subfield code="a">Zamora, Regino</subfield><subfield code="e">author</subfield><subfield code="u">Grupo de Ecología Terrestre, Departamento de Ecología, Facultad de Ciencias, Universidad de Granada, 18071 Granada, Spain</subfield></datafield><datafield tag="773" ind1="0" ind2=" "><subfield code="t">Basic and applied ecology.</subfield><subfield code="g">2011 Mar., v. 12, no. 2 p.161-171</subfield><subfield code="d">Elsevier GmbH</subfield><subfield code="x">1439-1791</subfield><subfield code="7">nnas</subfield></datafield><datafield tag="787" ind1="1" ind2=" "><subfield code="o">islandora_article_repository</subfield></datafield><datafield tag="787" ind1="1" ind2=" "><subfield code="o">product_pubag</subfield></datafield><datafield tag="787" ind1="1" ind2=" "><subfield code="o">(Journal)jnl3925117</subfield></datafield><datafield tag="856" ind1="4" ind2="0"><subfield code="u">http://dx.doi.org/10.1/j.baae.2010.11.007</subfield><subfield code="3">Available from publisher's site</subfield></datafield><datafield tag="912" ind1=" " ind2=" "><subfield code="a">Article</subfield></datafield><datafield tag="914" ind1=" " ind2=" "><subfield code="a">Journal:jnl3925117</subfield><subfield code="b">1439-1791</subfield><subfield code="c">12</subfield><subfield code="d">2</subfield><subfield code="e">161</subfield></datafield><datafield tag="914" ind1=" " ind2=" "><subfield code="f">Basic and applied ecology</subfield></datafield><datafield tag="917" ind1=" " ind2=" "><subfield code="a">issued</subfield></datafield><datafield tag="918" ind1="2" ind2=" "><subfield code="a">Elsevier B.V.</subfield><subfield code="e">provider</subfield><subfield code="5">DNAL</subfield></datafield><datafield tag="935" ind1=" " ind2=" "><subfield code="a">IND44832042</subfield><subfield code="9">ExL</subfield></datafield><datafield tag="949" ind1=" " ind2=" "><subfield code="a">2014-07-22</subfield></datafield><datafield tag="953" ind1=" " ind2=" "><subfield code="a">NAL266601439179100120002.xml</subfield></datafield><datafield tag="962" ind1=" " ind2=" "><subfield code="a">Batch:575 annotated on 2014-06-11T07:22:37Z</subfield></datafield><datafield tag="962" ind1=" " ind2=" "><subfield code="a">Batch:575 reviewed on 2014-07-22T08:52:51Z</subfield></datafield><datafield tag="962" ind1=" " ind2=" "><subfield code="a">Batch:575 reviewed on 2014-07-22T09:42:08Z</subfield></datafield><datafield tag="974" ind1=" " ind2=" "><subfield code="a">agid:370791</subfield></datafield><datafield tag="983" ind1=" " ind2=" "><subfield code="a">2014-11-10</subfield></datafield><datafield tag="984" ind1=" " ind2=" "><subfield code="a">2014-11-10</subfield></datafield></record>