<record><leader>03815nab a2200541 u 4500</leader><controlfield tag="001">9915896873307426</controlfield><controlfield tag="005">20221116171647.0</controlfield><controlfield tag="008">141110e201101 xx |||||o|||||||||||eng||</controlfield><datafield tag="" ind1="7" ind2=" "><subfield code="a">IND44829996</subfield><subfield code="2">DNAL</subfield></datafield><datafield tag="024" ind1="7" ind2=" "><subfield code="a">10.1/j.aquabot.2010.10.001</subfield><subfield code="2">doi</subfield></datafield><datafield tag="035" ind1=" " ind2=" "><subfield code="a">agid:370788-01nal_inst</subfield></datafield><datafield tag="040" ind1=" " ind2=" "><subfield code="a">AGL</subfield><subfield code="b">eng</subfield><subfield code="c">AGL</subfield></datafield><datafield tag="100" ind1="1" ind2=" "><subfield code="a">de Pádua Teixeira, Aloysio</subfield><subfield code="e">author</subfield><subfield code="u">Programa de Pós-Graduação em Ciências Biológicas (Biologia Vegetal), Universidade Estadual Paulista, Caixa Postal 199, Rio Claro 13506-900, SP, Brazil</subfield></datafield><datafield tag="245" ind1="1" ind2="0"><subfield code="a">Vegetation and environmental heterogeneity relationships in a Neotropical swamp forest in southeastern Brazil (Itirapina, SP)</subfield></datafield><datafield tag="300" ind1=" " ind2=" "><subfield code="a">p. 17-23.</subfield></datafield><datafield tag="520" ind1=" " ind2=" "><subfield code="a">Patterns in substrate, canopy openness, tree species composition and structure were studied in a swamp forest in southeastern Brazil (Itirapina, SP), using a fine spatial scale (∼0.05km²). Sixty quadrats of 10m×10m were divided into three sample plots, located in the centre and at both ends of the forest remnant (upstream and downstream), encompassing different environmental conditions. In each quadrat we quantified and identified individuals with CBH (circumference at breast height)≥10cm, the chemical properties of the soil, the drainage (flooded area) and the percentage of canopy openness. We keep 5124 individuals distributed over 37 species and 25 families. The downstream site presented a lower frequency of flooding, canopy openness, species richness (15 species) and density of individuals. In the central site we found different patterns of drainage and light incidence, the greatest species richness (31 species) and density of individuals, but smaller trees both in height and in diameter. The upstream site was subject to higher frequency of flooding, with intermediate values for density and species richness (27 species). Floristic and structural variation between and within sites reflects the different environmental conditions related to substrate and canopy openness. However, a larger number of species were correlated with drainage pattern (21 species) rather than with canopy openness (14 species), suggesting that the main factor responsible for the spatial organization of the plant community in swamp forests is soil drainage.</subfield></datafield><datafield tag="592" ind1=" " ind2=" "><subfield code="a">Publisher supplied data</subfield></datafield><datafield tag="593" ind1=" " ind2=" "><subfield code="a">PubAg article</subfield></datafield><datafield tag="650" ind1=" " ind2="3"><subfield code="a">canopy</subfield></datafield><datafield tag="650" ind1=" " ind2="3"><subfield code="a">environmental factors</subfield></datafield><datafield tag="650" ind1=" " ind2="3"><subfield code="a">forests</subfield></datafield><datafield tag="650" ind1=" " ind2="3"><subfield code="a">plant communities</subfield></datafield><datafield tag="650" ind1=" " ind2="3"><subfield code="a">soil chemical properties</subfield></datafield><datafield tag="650" ind1=" " ind2="3"><subfield code="a">species diversity</subfield></datafield><datafield tag="650" ind1=" " ind2="3"><subfield code="a">swamps</subfield></datafield><datafield tag="650" ind1=" " ind2="3"><subfield code="a">tropics</subfield></datafield><datafield tag="651" ind1=" " ind2="3"><subfield code="a">Brazil</subfield></datafield><datafield tag="700" ind1="1" ind2=" "><subfield code="a">Assis, Marco Antonio</subfield><subfield code="e">author</subfield><subfield code="u">Departamento de Botânica, Universidade Estadual Paulista, Caixa Postal 199, Rio Claro 13506-900, SP, Brazil</subfield></datafield><datafield tag="700" ind1="1" ind2=" "><subfield code="a">Luize, Bruno Garcia</subfield><subfield code="e">author</subfield><subfield code="u">Programa de Pós-Graduação em Ecologia, Instituto Nacional de Pesquisas da Amazônia, Av. André Araújo, 2936, Manaus 69011-970, AM, Brazil</subfield></datafield><datafield tag="773" ind1="0" ind2=" "><subfield code="t">Aquatic botany.</subfield><subfield code="g">2011 Jan., v. 94, no. 1 p.17-23</subfield><subfield code="d">Elsevier B.V.</subfield><subfield code="x">0304-3770</subfield><subfield code="7">nnas</subfield></datafield><datafield tag="787" ind1="1" ind2=" "><subfield code="o">islandora_article_repository</subfield></datafield><datafield tag="787" ind1="1" ind2=" "><subfield code="o">product_pubag</subfield></datafield><datafield tag="787" ind1="1" ind2=" "><subfield code="o">(Journal)jnl11301</subfield></datafield><datafield tag="856" ind1="4" ind2="0"><subfield code="u">http://dx.doi.org/10.1/j.aquabot.2010.10.001</subfield><subfield code="3">Available from publisher's site</subfield></datafield><datafield tag="912" ind1=" " ind2=" "><subfield code="a">Article</subfield></datafield><datafield tag="914" ind1=" " ind2=" "><subfield code="a">Journal:jnl11301</subfield><subfield code="b">0304-3770</subfield><subfield code="c">94</subfield><subfield code="d">1</subfield><subfield code="e">17</subfield></datafield><datafield tag="914" ind1=" " ind2=" "><subfield code="f">Aquatic botany</subfield></datafield><datafield tag="917" ind1=" " ind2=" "><subfield code="a">issued</subfield></datafield><datafield tag="918" ind1="2" ind2=" "><subfield code="a">Elsevier B.V.</subfield><subfield code="e">provider</subfield><subfield code="5">DNAL</subfield></datafield><datafield tag="935" ind1=" " ind2=" "><subfield code="a">IND44829996</subfield><subfield code="9">ExL</subfield></datafield><datafield tag="949" ind1=" " ind2=" "><subfield code="a">2014-07-22</subfield></datafield><datafield tag="953" ind1=" " ind2=" "><subfield code="a">NAL266400304377000940001.xml</subfield></datafield><datafield tag="962" ind1=" " ind2=" "><subfield code="a">Batch:585 annotated on 2014-06-26T11:37:04Z</subfield></datafield><datafield tag="962" ind1=" " ind2=" "><subfield code="a">Batch:585 reviewed on 2014-07-22T10:09:59Z</subfield></datafield><datafield tag="962" ind1=" " ind2=" "><subfield code="a">Batch:585 reviewed on 2014-07-22T15:04:52Z</subfield></datafield><datafield tag="974" ind1=" " ind2=" "><subfield code="a">agid:370788</subfield></datafield><datafield tag="983" ind1=" " ind2=" "><subfield code="a">2014-11-10</subfield></datafield><datafield tag="984" ind1=" " ind2=" "><subfield code="a">2014-11-10</subfield></datafield></record>