<record><leader>04761nab a2200793 u 4500</leader><controlfield tag="001">9915896888007426</controlfield><controlfield tag="005">20221116171704.0</controlfield><controlfield tag="008">180321e200904 xx |||||o|||||||||||eng||</controlfield><datafield tag="" ind1="7" ind2=" "><subfield code="a">IND44198048</subfield><subfield code="2">DNAL</subfield></datafield><datafield tag="024" ind1="7" ind2=" "><subfield code="a">19425430</subfield><subfield code="2">pmid</subfield></datafield><datafield tag="024" ind1="7" ind2=" "><subfield code="a">10.1890/07-2103.1</subfield><subfield code="2">doi</subfield></datafield><datafield tag="035" ind1=" " ind2=" "><subfield code="a">agid:2166216-01nal_inst</subfield></datafield><datafield tag="040" ind1=" " ind2=" "><subfield code="a">AGL</subfield><subfield code="b">eng</subfield><subfield code="c">AGL</subfield></datafield><datafield tag="100" ind1="1" ind2=" "><subfield code="a">Huang, Cho-ying</subfield><subfield code="e">author</subfield></datafield><datafield tag="245" ind1="1" ind2="0"><subfield code="a">Multiscale analysis of tree cover and aboveground carbon stocks in pinyon–juniper woodlands</subfield></datafield><datafield tag="300" ind1=" " ind2=" "><subfield code="a">p. 668-681.</subfield></datafield><datafield tag="500" ind1=" " ind2=" "><subfield code="a">JOURNAL ARTICLE</subfield></datafield><datafield tag="520" ind1=" " ind2=" "><subfield code="a">Regional, high‐resolution mapping of vegetation cover and biomass is central to understanding changes to the terrestrial carbon (C) cycle, especially in the context of C management. The third most extensive vegetation type in the United States is pinyon–juniper (P–J) woodland, yet the spatial patterns of tree cover and aboveground biomass (AGB) of P–J systems are poorly quantified. We developed a synoptic remote‐sensing approach to scale up pinyon and juniper projected cover (hereafter “cover”) and AGB field observations from plot to regional levels using fractional photosynthetic vegetation (PV) cover derived from airborne imaging spectroscopy and Landsat satellite data. Our results demonstrated strong correlations (P &lt; 0.001) between field cover and airborne PV estimates (r² = 0.92), and between airborne and satellite PV estimates (r² = 0.61). Field data also indicated that P–J AGB can be estimated from canopy cover using a unified allometric equation (r² = 0.69; P &lt; 0.001). Using these multiscale cover–AGB relationships, we developed high‐resolution, regional maps of P–J cover and AGB for the western Colorado Plateau. The P–J cover was 27.4% ± 9.9% (mean ± SD), and the mean aboveground woody C converted from AGB was 5.2 ± 2.0 Mg C/ha. Combining our data with the southwest Regional Gap Analysis Program vegetation map, we estimated that total contemporary woody C storage for P–J systems throughout the Colorado Plateau (113 600 km²) is 59.0 ± 22.7 Tg C. Our results show how multiple remote‐sensing observations can be used to map cover and C stocks at high resolution in drylands, and they highlight the role of P–J ecosystems in the North American C budget.</subfield></datafield><datafield tag="592" ind1=" " ind2=" "><subfield code="a">Publisher supplied data</subfield></datafield><datafield tag="593" ind1=" " ind2=" "><subfield code="a">PubAg article</subfield></datafield><datafield tag="650" ind1=" " ind2="3"><subfield code="a">pinyon-juniper</subfield></datafield><datafield tag="650" ind1=" " ind2="3"><subfield code="a">woodlands</subfield></datafield><datafield tag="650" ind1=" " ind2="3"><subfield code="a">vegetation cover</subfield></datafield><datafield tag="650" ind1=" " ind2="3"><subfield code="a">Pinus edulis</subfield></datafield><datafield tag="650" ind1=" " ind2="3"><subfield code="a">Juniperus osteosperma</subfield></datafield><datafield tag="650" ind1=" " ind2="3"><subfield code="a">remote sensing</subfield></datafield><datafield tag="650" ind1=" " ind2="3"><subfield code="a">trees</subfield></datafield><datafield tag="650" ind1=" " ind2="3"><subfield code="a">Landsat</subfield></datafield><datafield tag="650" ind1=" " ind2="3"><subfield code="a">carbon</subfield></datafield><datafield tag="650" ind1=" " ind2="3"><subfield code="a">forest canopy</subfield></datafield><datafield tag="650" ind1=" " ind2="3"><subfield code="a">overstory</subfield></datafield><datafield tag="650" ind1=" " ind2="3"><subfield code="a">estimation</subfield></datafield><datafield tag="650" ind1=" " ind2="2"><subfield code="a">Biomass</subfield></datafield><datafield tag="650" ind1=" " ind2="2"><subfield code="a">Carbon</subfield><subfield code="x">metabolism</subfield></datafield><datafield tag="650" ind1=" " ind2="2"><subfield code="a">Ecosystem</subfield></datafield><datafield tag="650" ind1=" " ind2="2"><subfield code="a">Image Processing, Computer-Assisted</subfield><subfield code="x">methods</subfield></datafield><datafield tag="650" ind1=" " ind2="2"><subfield code="a">Imaging, Three-Dimensional</subfield></datafield><datafield tag="650" ind1=" " ind2="2"><subfield code="a">Juniperus</subfield><subfield code="x">growth &amp; development</subfield><subfield code="x">metabolism</subfield></datafield><datafield tag="650" ind1=" " ind2="2"><subfield code="a">Pinus</subfield><subfield code="x">growth &amp; development</subfield><subfield code="x">metabolism</subfield></datafield><datafield tag="650" ind1=" " ind2="2"><subfield code="a">Population Density</subfield></datafield><datafield tag="650" ind1=" " ind2="2"><subfield code="a">Satellite Communications</subfield></datafield><datafield tag="650" ind1=" " ind2="2"><subfield code="a">Trees</subfield><subfield code="x">growth &amp; development</subfield><subfield code="x">metabolism</subfield></datafield><datafield tag="651" ind1=" " ind2="3"><subfield code="a">Arizona</subfield></datafield><datafield tag="651" ind1=" " ind2="3"><subfield code="a">Utah</subfield></datafield><datafield tag="651" ind1=" " ind2="0"><subfield code="a">Colorado</subfield></datafield><datafield tag="700" ind1="1" ind2=" "><subfield code="a">Asner, Gregory P.</subfield><subfield code="e">author</subfield><subfield code="u">Department of Global Ecology, Carnegie Institution for Science, 260 Panama Street, Stanford, California 94304 USA</subfield></datafield><datafield tag="700" ind1="1" ind2=" "><subfield code="a">Martin, Roberta E.</subfield><subfield code="e">author</subfield><subfield code="u">Department of Global Ecology, Carnegie Institution for Science, 260 Panama Street, Stanford, California 94304 USA</subfield></datafield><datafield tag="700" ind1="1" ind2=" "><subfield code="a">Barger, Nichole N.</subfield><subfield code="e">author</subfield><subfield code="u">Department of Ecology and Evolutionary Biology, University of Colorado, Boulder, Colorado 80309 USA</subfield></datafield><datafield tag="700" ind1="1" ind2=" "><subfield code="a">Neff, Jason C.</subfield><subfield code="e">author</subfield><subfield code="u">Geological Sciences and Environmental Studies Departments, University of Colorado, Boulder, Colorado 80309 USA</subfield></datafield><datafield tag="773" ind1="0" ind2=" "><subfield code="t">Ecological applications.</subfield><subfield code="g">2009 Apr., v. 19, no. 3 p.668-681</subfield><subfield code="d">Ecological Society of America</subfield><subfield code="w">Journal:jnl47193</subfield><subfield code="x">1051-0761</subfield><subfield code="7">nnas</subfield></datafield><datafield tag="787" ind1="1" ind2=" "><subfield code="o">islandora_article_repository</subfield></datafield><datafield tag="787" ind1="1" ind2=" "><subfield code="o">product_pubag</subfield></datafield><datafield tag="787" ind1="1" ind2=" "><subfield code="o">(Journal)jnl47193</subfield></datafield><datafield tag="852" ind1=" " ind2=" "><subfield code="a">DNAL</subfield></datafield><datafield tag="856" ind1="4" ind2="0"><subfield code="u">https://dx.doi.org/10.1890/07-2103.1</subfield><subfield code="3">Available from publisher's site</subfield></datafield><datafield tag="912" ind1=" " ind2=" "><subfield code="a">Article</subfield></datafield><datafield tag="914" ind1=" " ind2=" "><subfield code="a">Journal:jnl47193</subfield></datafield><datafield tag="914" ind1=" " ind2=" "><subfield code="f">Ecological applications</subfield></datafield><datafield tag="917" ind1=" " ind2=" "><subfield code="a">issued</subfield></datafield><datafield tag="918" ind1="2" ind2=" "><subfield code="a">John Wiley &amp; Sons, Inc</subfield><subfield code="e">provider</subfield><subfield code="5">DNAL</subfield></datafield><datafield tag="935" ind1=" " ind2=" "><subfield code="a">IND44198048</subfield><subfield code="9">ExL</subfield></datafield><datafield tag="949" ind1=" " ind2=" "><subfield code="a">2018-03-21</subfield></datafield><datafield tag="953" ind1=" " ind2=" "><subfield code="a">/data/metadata/incoming/wiley/10510761_2009_19_3.xml</subfield></datafield><datafield tag="954" ind1=" " ind2=" "><subfield code="a">file:/data/metadata/staging/wiley/10510761_2009_19_3.xml</subfield></datafield><datafield tag="955" ind1=" " ind2=" "><subfield code="a">/data/metadata/staging/wiley/</subfield></datafield><datafield tag="974" ind1=" " ind2=" "><subfield code="a">agid:2166216</subfield></datafield><datafield tag="983" ind1=" " ind2=" "><subfield code="a">2018-03-21</subfield></datafield><datafield tag="984" ind1=" " ind2=" "><subfield code="a">2018-03-21</subfield></datafield><datafield tag="986" ind1=" " ind2=" "><subfield code="a">4198048</subfield></datafield></record>