<record><leader>05561nab a2200781 u 4500</leader><controlfield tag="001">9915897212907426</controlfield><controlfield tag="005">20221116171403.0</controlfield><controlfield tag="008">200121e20191201xx |||||o|||||||||||eng||</controlfield><datafield tag="" ind1="7" ind2=" "><subfield code="a">IND606629199</subfield><subfield code="2">DNAL</subfield></datafield><datafield tag="024" ind1="7" ind2=" "><subfield code="a">10.1/j.foreco.2019.117589</subfield><subfield code="2">doi</subfield></datafield><datafield tag="035" ind1=" " ind2=" "><subfield code="a">agid:6629199-01nal_inst</subfield></datafield><datafield tag="040" ind1=" " ind2=" "><subfield code="a">AGL</subfield><subfield code="b">eng</subfield><subfield code="c">AGL</subfield></datafield><datafield tag="100" ind1="1" ind2=" "><subfield code="a">Simon, Alois</subfield><subfield code="e">author</subfield><subfield code="u">Institute of Forest Ecology, Department of Forest and Soil Sciences, University of Natural Resources and Life Sciences Vienna, Vienna, Austria</subfield></datafield><datafield tag="245" ind1="1" ind2="0"><subfield code="a">Drivers of forest regeneration patterns in drought prone mixed-species forests in the Northern Calcareous Alps</subfield></datafield><datafield tag="520" ind1=" " ind2=" "><subfield code="a">In temperate mountain forests of Northern Calcareous Alps, shallow soils, in combination with steep slopes and high radiation input on sun-exposed slopes, imply severe conditions for tree regeneration. Considering the remarkable trend of temperature increase and related climatic extremes in the Greater Alpine Area, it is likely that conditions for successful regeneration further deteriorate at these sites. Hence, investigating the relation of regeneration patterns to site conditions is crucial for recent and future forest management. Spatial point process models are appropriate tools to test the effect of environmental covariates in plant pattern generation. By applying these methods, we aim at identifying driving factors of forest regeneration dynamics of Fagus sylvatica, Abies alba and Picea abies. We used tree regeneration data from two sample sites along transects from closed canopy to forest gaps of natural origin. A set of spatially continuous explanatory variables (light environment, rock outcrops, microrelief, distance to mature trees, estimated seed density and presence of already established saplings) were generated. We fitted nonstationary parametric intensity functions with Poisson point process models and Thomas cluster point process models. The first and second order processes were analysed with pair correlation summary statistics. Interactions between regeneration patterns of different species and height classes were assessed with cross-pair correlation summary statistics. Successful germination and growth, at least at some microsites, is possible for any of the investigated species when ungulate browsing is prevented by fencing. Light is the most important environmental factor for describing the regeneration patterns. As higher shading has a positive influence, it is apparently not a limiting resource but rather a proxy for other, latent unfavourable conditions like drying of seedbeds. We thus propose to limit canopy opening sizes to a maximum of 10–12 m. No indications of seed limitation as a cause for regeneration failure of any of the main tree species were detected. Conditions for A. alba seedlings and partly also for P. abies seedlings are more favourable under the canopy of F. sylvatica than under the canopies of conspecifics or the other conifer species. Therefore, we conclude that at our study sites with the current species mixture, at least for the two conifer species, safe microsites are more important than seed availability. With increasing height of P. abies, the spatial segregation of small A. alba and F. sylvatica seedlings became stronger, indicating that competition for resources becomes more dominant and determinant for species coexistence.</subfield></datafield><datafield tag="592" ind1=" " ind2=" "><subfield code="a">Publisher supplied data</subfield></datafield><datafield tag="593" ind1=" " ind2=" "><subfield code="a">PubAg article</subfield></datafield><datafield tag="650" ind1=" " ind2="3"><subfield code="a">Abies alba</subfield></datafield><datafield tag="650" ind1=" " ind2="3"><subfield code="a">Fagus sylvatica</subfield></datafield><datafield tag="650" ind1=" " ind2="3"><subfield code="a">Picea abies</subfield></datafield><datafield tag="650" ind1=" " ind2="3"><subfield code="a">browsing</subfield></datafield><datafield tag="650" ind1=" " ind2="3"><subfield code="a">canopy gaps</subfield></datafield><datafield tag="650" ind1=" " ind2="3"><subfield code="a">conifers</subfield></datafield><datafield tag="650" ind1=" " ind2="3"><subfield code="a">drought</subfield></datafield><datafield tag="650" ind1=" " ind2="3"><subfield code="a">drying</subfield></datafield><datafield tag="650" ind1=" " ind2="3"><subfield code="a">forest management</subfield></datafield><datafield tag="650" ind1=" " ind2="3"><subfield code="a">forest regeneration</subfield></datafield><datafield tag="650" ind1=" " ind2="3"><subfield code="a">germination</subfield></datafield><datafield tag="650" ind1=" " ind2="3"><subfield code="a">microrelief</subfield></datafield><datafield tag="650" ind1=" " ind2="3"><subfield code="a">mixed forests</subfield></datafield><datafield tag="650" ind1=" " ind2="3"><subfield code="a">models</subfield></datafield><datafield tag="650" ind1=" " ind2="3"><subfield code="a">montane forests</subfield></datafield><datafield tag="650" ind1=" " ind2="3"><subfield code="a">saplings</subfield></datafield><datafield tag="650" ind1=" " ind2="3"><subfield code="a">seedbeds</subfield></datafield><datafield tag="650" ind1=" " ind2="3"><subfield code="a">seedlings</subfield></datafield><datafield tag="650" ind1=" " ind2="3"><subfield code="a">shade</subfield></datafield><datafield tag="650" ind1=" " ind2="3"><subfield code="a">soil</subfield></datafield><datafield tag="650" ind1=" " ind2="3"><subfield code="a">statistics</subfield></datafield><datafield tag="650" ind1=" " ind2="3"><subfield code="a">temperature</subfield></datafield><datafield tag="650" ind1=" " ind2="3"><subfield code="a">ungulates</subfield></datafield><datafield tag="651" ind1=" " ind2="3"><subfield code="a">Alps region</subfield></datafield><datafield tag="653" ind1=" " ind2="0"><subfield code="a">Tree regeneration</subfield></datafield><datafield tag="653" ind1=" " ind2="0"><subfield code="a">Light intensity</subfield></datafield><datafield tag="653" ind1=" " ind2="0"><subfield code="a">Point pattern analysis</subfield></datafield><datafield tag="653" ind1=" " ind2="0"><subfield code="a">Pair correlation function</subfield></datafield><datafield tag="653" ind1=" " ind2="0"><subfield code="a">Mountain forest</subfield></datafield><datafield tag="653" ind1=" " ind2="0"><subfield code="a">Austria</subfield></datafield><datafield tag="700" ind1="1" ind2=" "><subfield code="a">Katzensteiner, Klaus</subfield><subfield code="e">author</subfield><subfield code="u">Institute of Forest Ecology, Department of Forest and Soil Sciences, University of Natural Resources and Life Sciences Vienna, Vienna, Austria</subfield></datafield><datafield tag="700" ind1="1" ind2=" "><subfield code="a">Gratzer, Georg</subfield><subfield code="e">author</subfield><subfield code="u">Institute of Forest Ecology, Department of Forest and Soil Sciences, University of Natural Resources and Life Sciences Vienna, Vienna, Austria</subfield></datafield><datafield tag="773" ind1="0" ind2=" "><subfield code="t">Forest ecology and management.</subfield><subfield code="g">2019 Dec. 01, v. 453 p.117589-</subfield><subfield code="d">Elsevier B.V.</subfield><subfield code="w">Journal:jnl9013</subfield><subfield code="x">0378-1127</subfield><subfield code="7">nnas</subfield></datafield><datafield tag="787" ind1="1" ind2=" "><subfield code="o">islandora_article_repository</subfield></datafield><datafield tag="787" ind1="1" ind2=" "><subfield code="o">product_pubag</subfield></datafield><datafield tag="787" ind1="1" ind2=" "><subfield code="o">(Journal)jnl9013</subfield></datafield><datafield tag="856" ind1="4" ind2="0"><subfield code="u">https://dx.doi.org/10.1/j.foreco.2019.117589</subfield><subfield code="3">Available from publisher's site</subfield></datafield><datafield tag="912" ind1=" " ind2=" "><subfield code="a">Article</subfield></datafield><datafield tag="914" ind1=" " ind2=" "><subfield code="a">Journal:jnl9013</subfield><subfield code="b">0378-1127</subfield></datafield><datafield tag="914" ind1=" " ind2=" "><subfield code="f">Forest ecology and management</subfield></datafield><datafield tag="916" ind1=" " ind2=" "><subfield code="a">Batch:2334</subfield></datafield><datafield tag="917" ind1=" " ind2=" "><subfield code="a">issued</subfield></datafield><datafield tag="918" ind1="2" ind2=" "><subfield code="a">Elsevier Consyn</subfield><subfield code="e">provider</subfield><subfield code="5">DNAL</subfield></datafield><datafield tag="935" ind1=" " ind2=" "><subfield code="a">IND606629199</subfield><subfield code="9">ExL</subfield></datafield><datafield tag="949" ind1=" " ind2=" "><subfield code="a">2019-10-18</subfield></datafield><datafield tag="953" ind1=" " ind2=" "><subfield code="a" >/data/metadata/incoming/consyn/166487395428227826-00001-HEAD-ONLY-REVISEDSUBJECTLIST.zip</subfield></datafield><datafield tag="954" ind1=" " ind2=" "><subfield code="a">file:/data/metadata/staging/consyn/S0378112719310072.xml</subfield></datafield><datafield tag="955" ind1=" " ind2=" "><subfield code="a">/data/metadata/staging/consyn/</subfield></datafield><datafield tag="974" ind1=" " ind2=" "><subfield code="a">agid:6629199</subfield></datafield><datafield tag="983" ind1=" " ind2=" "><subfield code="a">2020-01-21</subfield></datafield><datafield tag="984" ind1=" " ind2=" "><subfield code="a">2020-01-21</subfield></datafield></record>