<record><leader>05091nab a2200637 u 4500</leader><controlfield tag="001">9915897421607426</controlfield><controlfield tag="005">20221116174424.0</controlfield><controlfield tag="008">220326e20220501xx |||||o|||||||||||eng||</controlfield><datafield tag="" ind1="7" ind2=" "><subfield code="a">IND607688659</subfield><subfield code="2">DNAL</subfield></datafield><datafield tag="024" ind1="7" ind2=" "><subfield code="a">10.1/j.foreco.2022.120123</subfield><subfield code="2">doi</subfield></datafield><datafield tag="035" ind1=" " ind2=" "><subfield code="a">agid:7688659-01nal_inst</subfield></datafield><datafield tag="040" ind1=" " ind2=" "><subfield code="a">AGL</subfield><subfield code="b">eng</subfield><subfield code="c">AGL</subfield></datafield><datafield tag="100" ind1="1" ind2=" "><subfield code="a">Dobrowolska, D.</subfield><subfield code="e">author</subfield><subfield code="u">Department of Forest Ecology, Forest Research Institute, Braci Leśnej 3, Sękocin Stary, 05-090 Raszyn, Poland</subfield></datafield><datafield tag="245" ind1="1" ind2="0"><subfield code="a">Canopy gap characteristics and regeneration patterns in the Białowieża forest based on remote sensing data and field measurements</subfield></datafield><datafield tag="520" ind1=" " ind2=" "><subfield code="a">Forest dynamics is driven by the formation of gaps, especially in temperate forests. A potentially useful tool for identifying canopy gaps at different spatial scales is remote sensing. Our study used two types of data: (1) high spatial resolution Canopy Height Model (CHM) to detect canopy gaps in the forest and (2) field data to quantify natural and artificial regeneration within the gaps. The study aimed to: (i) measure the characteristics of canopy gaps; (ii) identify the regeneration patterns within gaps; (iii) identify the factors influencing tree species regeneration within gaps. We analysed 313 tree canopy gaps in the Polish part of Białowieża Forest (ca. 620 km²), east Poland. Variability in the mean gap area was very high, ranging from 20.2 to 8693.8 m². The number of gaps with an area&gt;1000 m² was the largest. The total area of gaps was highest in coniferous stands, where the biggest median area was also found. Gap size did not affect regeneration density in the Białowieża Forest, except for birch and hornbeam. The density of less light-demanding tree species in the gaps was greater than light-demanding ones. Birch regenerated in all gap sizes, and its density increased with gap area. Oak seedlings dominated in small gaps but conditions in the 'matrix of small gaps' was sufficient for short oak saplings. Hornbeam regeneration was highest in the gaps surveyed, especially the density of short saplings. Seedlings of hornbeam were present in 32% of gaps, but saplings were present in as many as 56% of gaps. Spruce regeneration was less numerous than hornbeam regeneration. Birch regeneration was the most numerous in short sapling stage. We analyzed 31 variables from different categories to identify the factors influencing tree species regeneration within gaps. The most essential variables for the birch and hornbeam regeneration were those containing supporting information, especially the percentage of the specific tree species covering the land around the gap. The variables based on gap geometry (size, shape, direction, elongation) were less important than variables from other categories. We found the positive influence of browsing on the density of hornbeam saplings. However, the high density of ungulates and their browsing pressure hinder birch regeneration. Intensive browsing by ungulates seems to be the most important factor in changing species composition and forest regeneration structure in gaps.</subfield></datafield><datafield tag="592" ind1=" " ind2=" "><subfield code="a">Publisher supplied data</subfield></datafield><datafield tag="593" ind1=" " ind2=" "><subfield code="a">PubAg article</subfield></datafield><datafield tag="650" ind1=" " ind2="3"><subfield code="a">Betula</subfield></datafield><datafield tag="650" ind1=" " ind2="3"><subfield code="a">Carpinus</subfield></datafield><datafield tag="650" ind1=" " ind2="3"><subfield code="a">administrative management</subfield></datafield><datafield tag="650" ind1=" " ind2="3"><subfield code="a">artificial regeneration</subfield></datafield><datafield tag="650" ind1=" " ind2="3"><subfield code="a">canopy gaps</subfield></datafield><datafield tag="650" ind1=" " ind2="3"><subfield code="a">canopy height</subfield></datafield><datafield tag="650" ind1=" " ind2="3"><subfield code="a">forest dynamics</subfield></datafield><datafield tag="650" ind1=" " ind2="3"><subfield code="a">geometry</subfield></datafield><datafield tag="650" ind1=" " ind2="3"><subfield code="a">models</subfield></datafield><datafield tag="650" ind1=" " ind2="3"><subfield code="a">species diversity</subfield></datafield><datafield tag="651" ind1=" " ind2="3"><subfield code="a">Poland</subfield></datafield><datafield tag="653" ind1=" " ind2="0"><subfield code="a">Airborne Laser Scanning</subfield></datafield><datafield tag="653" ind1=" " ind2="0"><subfield code="a">Disturbance</subfield></datafield><datafield tag="653" ind1=" " ind2="0"><subfield code="a">Gap geometry</subfield></datafield><datafield tag="653" ind1=" " ind2="0"><subfield code="a">Seedlings</subfield></datafield><datafield tag="653" ind1=" " ind2="0"><subfield code="a">Saplings</subfield></datafield><datafield tag="700" ind1="1" ind2=" "><subfield code="a">Piasecka, Ż.</subfield><subfield code="e">author</subfield><subfield code="u">Department of Geomatics, Forest Research Institute, Braci Leśnej 3, Sękocin Stary, 05-090 Raszyn, Poland</subfield></datafield><datafield tag="700" ind1="1" ind2=" "><subfield code="a">Kuberski, Ł.</subfield><subfield code="e">author</subfield><subfield code="u">Department of Natural Forests, Forest Research Institute, Park Dyrekcyjny 6, 17-230 Białowieża, Poland</subfield></datafield><datafield tag="700" ind1="1" ind2=" "><subfield code="a">Stereńczak, K.</subfield><subfield code="e">author</subfield><subfield code="u">Department of Geomatics, Forest Research Institute, Braci Leśnej 3, Sękocin Stary, 05-090 Raszyn, Poland</subfield></datafield><datafield tag="773" ind1="0" ind2=" "><subfield code="t">Forest ecology and management.</subfield><subfield code="g">2022 May 01, v. 511 p.120123-</subfield><subfield code="d">Elsevier B.V.</subfield><subfield code="w">Journal:jnl9013</subfield><subfield code="x">0378-1127</subfield><subfield code="7">nnas</subfield></datafield><datafield tag="787" ind1="1" ind2=" "><subfield code="o">islandora_article_repository</subfield></datafield><datafield tag="787" ind1="1" ind2=" "><subfield code="o">product_pubag</subfield></datafield><datafield tag="787" ind1="1" ind2=" "><subfield code="o">(Journal)jnl9013</subfield></datafield><datafield tag="856" ind1="4" ind2="0"><subfield code="u">https://dx.doi.org/10.1/j.foreco.2022.120123</subfield><subfield code="3">Available from publisher's site</subfield></datafield><datafield tag="912" ind1=" " ind2=" "><subfield code="a">Article</subfield></datafield><datafield tag="914" ind1=" " ind2=" "><subfield code="a">Journal:jnl9013</subfield><subfield code="b">0378-1127</subfield><subfield code="e">120123</subfield></datafield><datafield tag="914" ind1=" " ind2=" "><subfield code="f">Forest ecology and management</subfield></datafield><datafield tag="916" ind1=" " ind2=" "><subfield code="a">Batch:10238</subfield></datafield><datafield tag="917" ind1=" " ind2=" "><subfield code="a">issued</subfield></datafield><datafield tag="918" ind1="2" ind2=" "><subfield code="a">Elsevier Consyn</subfield><subfield code="e">provider</subfield><subfield code="5">DNAL</subfield></datafield><datafield tag="935" ind1=" " ind2=" "><subfield code="a">IND607688659</subfield><subfield code="9">ExL</subfield></datafield><datafield tag="949" ind1=" " ind2=" "><subfield code="a">2022-05-17</subfield></datafield><datafield tag="952" ind1=" " ind2=" "><subfield code="d">NAL-AP-2-clean</subfield></datafield><datafield tag="953" ind1=" " ind2=" "><subfield code="a" >/data/metadata/incoming/consyn/914364915495894215-00002-HEAD-ONLY-REVISEDSUBJECTLIST.zip</subfield></datafield><datafield tag="954" ind1=" " ind2=" "><subfield code="a">file:/data/metadata/staging/consyn/S0378112722001177.xml</subfield></datafield><datafield tag="955" ind1=" " ind2=" "><subfield code="a">/data/metadata/staging/consyn/</subfield></datafield><datafield tag="974" ind1=" " ind2=" "><subfield code="a">agid:7688659</subfield></datafield><datafield tag="983" ind1=" " ind2=" "><subfield code="a">2022-03-26</subfield></datafield><datafield tag="984" ind1=" " ind2=" "><subfield code="a">2022-05-17</subfield></datafield></record>