<record><leader>06610nab a2200853 u 4500</leader><controlfield tag="001">9915897421807426</controlfield><controlfield tag="005">20221116174531.0</controlfield><controlfield tag="008">220328e20220415xx |||||o|||||||||||eng||</controlfield><datafield tag="" ind1="7" ind2=" "><subfield code="a">IND607688657</subfield><subfield code="2">DNAL</subfield></datafield><datafield tag="024" ind1="7" ind2=" "><subfield code="a">10.1/j.foreco.2022.120115</subfield><subfield code="2">doi</subfield></datafield><datafield tag="035" ind1=" " ind2=" "><subfield code="a">agid:7688657-01nal_inst</subfield></datafield><datafield tag="040" ind1=" " ind2=" "><subfield code="a">AGL</subfield><subfield code="b">eng</subfield><subfield code="c">AGL</subfield></datafield><datafield tag="100" ind1="1" ind2=" "><subfield code="a">Aleksić, Jelena M.</subfield><subfield code="e">author</subfield><subfield code="u">Institute of Molecular Genetics and Genetic Engineering (IMGGE), University of Belgrade, Vojvode Stepe 444a, PO box 23, Belgrade 11010, Republic of Serbia</subfield></datafield><datafield tag="245" ind1="1" ind2="0"><subfield code="a">High pollen immigration but no gene flow via-seed into a Genetic Conservation Unit of the endangered Picea omorika after disturbance</subfield></datafield><datafield tag="520" ind1=" " ind2=" "><subfield code="a">Studying how genetic diversity is transmitted between generations is critical for assessing the survival prospects of fragmented forest tree populations. This is especially urgent in the case of rare, endangered species that are at high risk of extinction and/or exceptionally susceptible to climate change, and are thus to be prioritised for conservation initiatives. We performed the first assessment of gene flow patterns by parentage analysis in the IUCN red-listed Serbian spruce [Picea omorika (Panč.) Purk.], within a Genetic Conservation Unit (GCU) which was exposed to fire disturbance 30 years ago. Parentage analysis was based on assigning the parentage of 104 juveniles to all the adult trees (48) present in the 2.8 ha population. All individuals were genotyped at 11 highly informative nuclear microsatellite markers. We found that fire disturbance triggered natural regeneration, usually poor to absent in Serbian spruce, and boosted pollen immigration (66%), which is reported as rather modest among undisturbed populations of this species. Seed immigration was absent, coherently with what was previously hypothesised for natural, undisturbed populations. Thus, the immigration of new gametes into the studied Serbian spruce population was accomplished exclusively through pollen gene flow, at a rate sufficient to counteract, at least in the short term, genetic drift. Furthermore, the abundant post-disturbance pollen immigration most likely accounts for the lack of fine-scale spatial genetic structure (SGS) in the juvenile cohort, contrary to the SGS observed in the adult cohort which is amongst the strongest ever recorded in anemophilous forest tree species. Finally, as generally found in forest trees, individual reproductive success was uneven among individuals, with 25% of local adults siring 70% of the sampled juveniles. Our results on post-disturbance gene flow patterns in the only Serbian spruce population with reportedly abundant regeneration complement the outcomes of previous genetic studies while providing essential information for the dynamic management and conservation of this rare and endangered species severely threatened by climate warming. Tracking the temporal development of gene flow parameters and the consequences of gene flow on genetic diversity are two cornerstones of future forest genetic monitoring programs, which are particularly important for GCUs. In particular, monitoring the genetic diversity of forest regeneration is deemed as the key for understanding changes that otherwise would remain mostly untraceable in long-lived organisms such as forest trees.</subfield></datafield><datafield tag="592" ind1=" " ind2=" "><subfield code="a">Publisher supplied data</subfield></datafield><datafield tag="593" ind1=" " ind2=" "><subfield code="a">PubAg article</subfield></datafield><datafield tag="650" ind1=" " ind2="3"><subfield code="a">Picea omorika</subfield></datafield><datafield tag="650" ind1=" " ind2="3"><subfield code="a">administrative management</subfield></datafield><datafield tag="650" ind1=" " ind2="3"><subfield code="a">adults</subfield></datafield><datafield tag="650" ind1=" " ind2="3"><subfield code="a">climate</subfield></datafield><datafield tag="650" ind1=" " ind2="3"><subfield code="a">endangered species</subfield></datafield><datafield tag="650" ind1=" " ind2="3"><subfield code="a">extinction</subfield></datafield><datafield tag="650" ind1=" " ind2="3"><subfield code="a">forest ecology</subfield></datafield><datafield tag="650" ind1=" " ind2="3"><subfield code="a">forest trees</subfield></datafield><datafield tag="650" ind1=" " ind2="3"><subfield code="a">forests</subfield></datafield><datafield tag="650" ind1=" " ind2="3"><subfield code="a">gene flow</subfield></datafield><datafield tag="650" ind1=" " ind2="3"><subfield code="a">genetic drift</subfield></datafield><datafield tag="650" ind1=" " ind2="3"><subfield code="a">genetic structure</subfield></datafield><datafield tag="650" ind1=" " ind2="3"><subfield code="a">genetic variation</subfield></datafield><datafield tag="650" ind1=" " ind2="3"><subfield code="a">genotyping</subfield></datafield><datafield tag="650" ind1=" " ind2="3"><subfield code="a">germplasm conservation</subfield></datafield><datafield tag="650" ind1=" " ind2="3"><subfield code="a">habitat fragmentation</subfield></datafield><datafield tag="650" ind1=" " ind2="3"><subfield code="a">immigration</subfield></datafield><datafield tag="650" ind1=" " ind2="3"><subfield code="a">juveniles</subfield></datafield><datafield tag="650" ind1=" " ind2="3"><subfield code="a">microsatellite repeats</subfield></datafield><datafield tag="650" ind1=" " ind2="3"><subfield code="a">natural regeneration</subfield></datafield><datafield tag="650" ind1=" " ind2="3"><subfield code="a">parentage</subfield></datafield><datafield tag="650" ind1=" " ind2="3"><subfield code="a">pollen</subfield></datafield><datafield tag="650" ind1=" " ind2="3"><subfield code="a">pollen flow</subfield></datafield><datafield tag="650" ind1=" " ind2="3"><subfield code="a">reproductive success</subfield></datafield><datafield tag="650" ind1=" " ind2="3"><subfield code="a">risk</subfield></datafield><datafield tag="653" ind1=" " ind2="0"><subfield code="a">Conservation genetics</subfield></datafield><datafield tag="653" ind1=" " ind2="0"><subfield code="a">Gene flow after disturbance</subfield></datafield><datafield tag="653" ind1=" " ind2="0"><subfield code="a">Parentage analysis</subfield></datafield><datafield tag="653" ind1=" " ind2="0"><subfield code="a">Serbian spruce</subfield></datafield><datafield tag="653" ind1=" " ind2="0"><subfield code="a">Spatial genetic structure</subfield></datafield><datafield tag="700" ind1="1" ind2=" "><subfield code="a">Mataruga, Milan</subfield><subfield code="e">author</subfield><subfield code="u">Faculty of Forestry, University of Banja Luka, Vojvode Stepe Stepanovića Blvd. 75a, Banja Luka 78000, Bosnia and Herzegovina</subfield></datafield><datafield tag="700" ind1="1" ind2=" "><subfield code="a">Daničić, Vanja</subfield><subfield code="e">author</subfield><subfield code="u">Faculty of Forestry, University of Banja Luka, Vojvode Stepe Stepanovića Blvd. 75a, Banja Luka 78000, Bosnia and Herzegovina</subfield></datafield><datafield tag="700" ind1="1" ind2=" "><subfield code="a">Cvjetković, Branislav</subfield><subfield code="e">author</subfield><subfield code="u">Faculty of Forestry, University of Banja Luka, Vojvode Stepe Stepanovića Blvd. 75a, Banja Luka 78000, Bosnia and Herzegovina</subfield></datafield><datafield tag="700" ind1="1" ind2=" "><subfield code="a">Milanović, Đorđije</subfield><subfield code="e">author</subfield><subfield code="u">Faculty of Forestry, University of Banja Luka, Vojvode Stepe Stepanovića Blvd. 75a, Banja Luka 78000, Bosnia and Herzegovina</subfield></datafield><datafield tag="700" ind1="1" ind2=" "><subfield code="a">Giuseppe Vendramin, Giovanni</subfield><subfield code="e">author</subfield><subfield code="u">Institute of Biosciences and BioResources (IBBR), National Research Council (CNR), Via Madonna del Piano 10, Sesto Fiorentino, 50019 Florence, Italy</subfield></datafield><datafield tag="700" ind1="1" ind2=" "><subfield code="a">Avanzi, Camilla</subfield><subfield code="e">author</subfield><subfield code="u">Institute of Biosciences and BioResources (IBBR), National Research Council (CNR), Via Madonna del Piano 10, Sesto Fiorentino, 50019 Florence, Italy</subfield></datafield><datafield tag="700" ind1="1" ind2=" "><subfield code="a">Piotti, Andrea</subfield><subfield code="e">author</subfield><subfield code="u">Institute of Biosciences and BioResources (IBBR), National Research Council (CNR), Via Madonna del Piano 10, Sesto Fiorentino, 50019 Florence, Italy</subfield></datafield><datafield tag="773" ind1="0" ind2=" "><subfield code="t">Forest ecology and management.</subfield><subfield code="g">2022 Apr. 15, v. 510 p.120115-</subfield><subfield code="d">Elsevier B.V.</subfield><subfield code="w">Journal:jnl9013</subfield><subfield code="x">0378-1127</subfield><subfield code="7">nnas</subfield></datafield><datafield tag="787" ind1="1" ind2=" "><subfield code="o">islandora_article_repository</subfield></datafield><datafield tag="787" ind1="1" ind2=" "><subfield code="o">product_pubag</subfield></datafield><datafield tag="787" ind1="1" ind2=" "><subfield code="o">(Journal)jnl9013</subfield></datafield><datafield tag="856" ind1="4" ind2="0"><subfield code="u">https://dx.doi.org/10.1/j.foreco.2022.120115</subfield><subfield code="3">Available from publisher's site</subfield></datafield><datafield tag="912" ind1=" " ind2=" "><subfield code="a">Article</subfield></datafield><datafield tag="914" ind1=" " ind2=" "><subfield code="a">Journal:jnl9013</subfield><subfield code="b">0378-1127</subfield><subfield code="c">510</subfield><subfield code="e">120115</subfield></datafield><datafield tag="914" ind1=" " ind2=" "><subfield code="f">Forest ecology and management</subfield></datafield><datafield tag="916" ind1=" " ind2=" "><subfield code="a">Batch:10238</subfield></datafield><datafield tag="917" ind1=" " ind2=" "><subfield code="a">issued</subfield></datafield><datafield tag="918" ind1="2" ind2=" "><subfield code="a">Elsevier Consyn</subfield><subfield code="e">provider</subfield><subfield code="5">DNAL</subfield></datafield><datafield tag="935" ind1=" " ind2=" "><subfield code="a">IND607688657</subfield><subfield code="9">ExL</subfield></datafield><datafield tag="949" ind1=" " ind2=" "><subfield code="a">2022-05-17</subfield></datafield><datafield tag="952" ind1=" " ind2=" "><subfield code="d">NAL-AP-2-clean</subfield></datafield><datafield tag="953" ind1=" " ind2=" "><subfield code="a">/data/metadata/incoming/consyn/610283538295120840-00003-HEAD-ONLY-NEW CONSYN ISSNS.zip</subfield></datafield><datafield tag="954" ind1=" " ind2=" "><subfield code="a">file:/data/metadata/staging/consyn/S0378112722001098.xml</subfield></datafield><datafield tag="955" ind1=" " ind2=" "><subfield code="a">/data/metadata/staging/consyn/</subfield></datafield><datafield tag="974" ind1=" " ind2=" "><subfield code="a">agid:7688657</subfield></datafield><datafield tag="983" ind1=" " ind2=" "><subfield code="a">2022-03-28</subfield></datafield><datafield tag="984" ind1=" " ind2=" "><subfield code="a">2022-05-17</subfield></datafield></record>