<record><leader>03851nab a2200589 u 4500</leader><controlfield tag="001">9915897919607426</controlfield><controlfield tag="005">20221116182139.0</controlfield><controlfield tag="008">150213e201402 xx |||||o|||||||||||eng||</controlfield><datafield tag="" ind1="7" ind2=" "><subfield code="a">IND500732308</subfield><subfield code="2">DNAL</subfield></datafield><datafield tag="024" ind1="7" ind2=" "><subfield code="a">10.1007/s10980-013-9963-0</subfield><subfield code="2">doi</subfield></datafield><datafield tag="035" ind1=" " ind2=" "><subfield code="a">agid:622885-01nal_inst</subfield></datafield><datafield tag="040" ind1=" " ind2=" "><subfield code="a">AGL</subfield><subfield code="b">eng</subfield><subfield code="c">AGL</subfield></datafield><datafield tag="100" ind1="1" ind2=" "><subfield code="a">Huang, Qingxu</subfield><subfield code="e">author</subfield><subfield code="u">State Key Laboratory of Earth Surface Processes and Resource Ecology, Beijing Normal University, 19 Xinjiekouwai Street, Beijing, 100875, China, huangqingxu@gmail.com</subfield></datafield><datafield tag="245" ind1="1" ind2="0"><subfield code="a">Quantifying spatial–temporal change in land-cover and carbon storage among exurban residential parcels</subfield></datafield><datafield tag="300" ind1=" " ind2=" "><subfield code="a">p. 275-291.</subfield></datafield><datafield tag="520" ind1=" " ind2=" "><subfield code="a">The area of land occupied by exurban residential development is significant and has been increasing over the past several decades in the United States. Considerable attention has been drawn to the measurement of regional-scale patterns of land-cover change and assessment of its environmental and socioeconomic consequences. Yet little is known about the quantity of land-cover change within individual exurban residential parcels, which reflect homeowner preferences, land-management strategies, and the ecosystem services they generate. Similarly, little is known about the spatial autocorrelation of land cover among parcels and how it may change over time. Using a dataset delineating land-cover change within exurban residential parcels in southeastern Michigan from 1960 to 2000, the quantity and composition of land cover and carbon storage are examined. The spatial similarity of land-cover quantity among neighboring parcels is evaluated using local indicators of spatial association. Results show, among other findings, that (1) the number of exurban residential parcels, the quantity of tree cover, and amount of carbon storage increased steadily from 1960 to 2000; (2) the distribution of parcel sizes remained relatively constant and dominated by small parcels; (3) an increasing proportion of parcels were significantly similar to their neighbors; and (4) using a benefits transfer approach, new exurban parcels are estimated to store ~15,000–29,000 kg C over the study period. The measured changes in land cover and carbon storage improve our understanding of how ecosystem services may change in human-dominated landscapes and provide evidence that policy opportunities are available to increase carbon management.</subfield></datafield><datafield tag="592" ind1=" " ind2=" "><subfield code="a">Publisher supplied data</subfield></datafield><datafield tag="593" ind1=" " ind2=" "><subfield code="a">PubAg article</subfield></datafield><datafield tag="650" ind1=" " ind2="3"><subfield code="a">autocorrelation</subfield></datafield><datafield tag="650" ind1=" " ind2="3"><subfield code="a">carbon</subfield></datafield><datafield tag="650" ind1=" " ind2="3"><subfield code="a">carbon sequestration</subfield></datafield><datafield tag="650" ind1=" " ind2="3"><subfield code="a">data collection</subfield></datafield><datafield tag="650" ind1=" " ind2="3"><subfield code="a">ecosystem services</subfield></datafield><datafield tag="650" ind1=" " ind2="3"><subfield code="a">environmental assessment</subfield></datafield><datafield tag="650" ind1=" " ind2="3"><subfield code="a">issues and policy</subfield></datafield><datafield tag="650" ind1=" " ind2="3"><subfield code="a">land cover</subfield></datafield><datafield tag="650" ind1=" " ind2="3"><subfield code="a">land management</subfield></datafield><datafield tag="650" ind1=" " ind2="3"><subfield code="a">landscapes</subfield></datafield><datafield tag="650" ind1=" " ind2="3"><subfield code="a">trees</subfield></datafield><datafield tag="651" ind1=" " ind2="3"><subfield code="a">Michigan</subfield></datafield><datafield tag="700" ind1="1" ind2=" "><subfield code="a">Robinson, Derek T.</subfield><subfield code="e">author</subfield></datafield><datafield tag="700" ind1="1" ind2=" "><subfield code="a">Parker, Dawn C.</subfield><subfield code="e">author</subfield></datafield><datafield tag="773" ind1="0" ind2=" "><subfield code="t">Landscape ecology.</subfield><subfield code="g">2014 Feb., v. 29, no. 2 p.275-291</subfield><subfield code="d">Springer-Verlag</subfield><subfield code="x">0921-2973</subfield><subfield code="7">nnas</subfield></datafield><datafield tag="787" ind1="1" ind2=" "><subfield code="o">islandora_article_repository</subfield></datafield><datafield tag="787" ind1="1" ind2=" "><subfield code="o">product_pubag</subfield></datafield><datafield tag="787" ind1="1" ind2=" "><subfield code="o">(Journal)jnl3870067</subfield></datafield><datafield tag="856" ind1="4" ind2="0"><subfield code="u">http://dx.doi.org/10.1007/s10980-013-9963-0</subfield><subfield code="3">Available from publisher's site</subfield></datafield><datafield tag="912" ind1=" " ind2=" "><subfield code="a">Article</subfield></datafield><datafield tag="914" ind1=" " ind2=" "><subfield code="a">Journal:jnl3870067</subfield><subfield code="b">0921-2973</subfield><subfield code="c">29</subfield><subfield code="d">2</subfield><subfield code="e">275</subfield></datafield><datafield tag="914" ind1=" " ind2=" "><subfield code="f">Landscape ecology</subfield></datafield><datafield tag="917" ind1=" " ind2=" "><subfield code="a">issued</subfield></datafield><datafield tag="918" ind1="2" ind2=" "><subfield code="a">Springer</subfield><subfield code="e">provider</subfield><subfield code="5">DNAL</subfield></datafield><datafield tag="935" ind1=" " ind2=" "><subfield code="a">IND500732308</subfield><subfield code="9">ExL</subfield></datafield><datafield tag="949" ind1=" " ind2=" "><subfield code="a">2014-06-16</subfield></datafield><datafield tag="953" ind1=" " ind2=" "><subfield code="a">ftp_PUB_14-02-21_05-31-37.zip</subfield></datafield><datafield tag="962" ind1=" " ind2=" "><subfield code="a">Journal title changed from 'Landscape Ecol'</subfield></datafield><datafield tag="962" ind1=" " ind2=" "><subfield code="a">Batch:572 annotated on 2014-06-10T14:13:04Z</subfield></datafield><datafield tag="962" ind1=" " ind2=" "><subfield code="a">Batch:572 reviewed on 2014-06-16T11:00:02Z</subfield></datafield><datafield tag="962" ind1=" " ind2=" "><subfield code="a">Batch:572 reviewed on 2014-06-16T16:00:02Z</subfield></datafield><datafield tag="974" ind1=" " ind2=" "><subfield code="a">agid:622885</subfield></datafield><datafield tag="983" ind1=" " ind2=" "><subfield code="a">2015-02-13</subfield></datafield><datafield tag="984" ind1=" " ind2=" "><subfield code="a">2015-02-13</subfield></datafield></record>