<record><leader>04756nab a2200709 u 4500</leader><controlfield tag="001">9915897994507426</controlfield><controlfield tag="005">20221116182022.0</controlfield><controlfield tag="008">200315e202004 xx |||||o|||||||||||eng||</controlfield><datafield tag="" ind1="7" ind2=" "><subfield code="a">IND606862811</subfield><subfield code="2">DNAL</subfield></datafield><datafield tag="024" ind1="7" ind2=" "><subfield code="a">10.1007/s10592-019-01245-6</subfield><subfield code="2">doi</subfield></datafield><datafield tag="035" ind1=" " ind2=" "><subfield code="a">agid:6862811-01nal_inst</subfield></datafield><datafield tag="040" ind1=" " ind2=" "><subfield code="a">AGL</subfield><subfield code="b">eng</subfield><subfield code="c">AGL</subfield></datafield><datafield tag="100" ind1="1" ind2=" "><subfield code="a">von Takach Dukai, Brenton</subfield><subfield code="e">author</subfield><subfield code="u">Fenner School of Environment and Society, The Australian National University, Canberra, ACT 2600, Australia. brenton.takach@cdu.edu.au</subfield><subfield code="1">https://orcid.org/0000-0002-7999-3521</subfield></datafield><datafield tag="245" ind1="1" ind2="4"><subfield code="a">The influence of fire and silvicultural practices on the landscape-scale genetic structure of an Australian foundation tree species</subfield></datafield><datafield tag="300" ind1=" " ind2=" "><subfield code="a">p. 231-246.</subfield></datafield><datafield tag="520" ind1=" " ind2=" "><subfield code="a">Natural disturbance regimes in forest ecosystems are being rapidly modified by anthropogenic pressures, including silvicultural practices and climate change. Australian forests dominated by mountain ash (Eucalyptus regnans) are critically endangered, with wildfires and clearfell logging predicted to cause ecosystem collapse within the next 50 years. To investigate the influence of disturbance on patterns and extent of genetic diversity in mountain ash, we compare replicated sites with three different disturbance histories (undisturbed, burnt, and logged). We employ genetic analysis at five chloroplast microsatellite loci and 2866 nuclear single-nucleotide polymorphisms (SNPs) to estimate within- and among- population genetic diversity, and assess the extent of fine-scale spatial genetic structure among individuals, for the three disturbance treatments. Consistent with the expectation of extensive pollen dispersal but limited seed dispersal, we detected low levels of genetic differentiation at nuclear SNPs (FST = 0.067), and very high levels of differentiation at cpDNA microsatellites (FST = 0.751). While differences among treatments at nuclear SNPs were small, we found stronger spatial genetic structure in the undisturbed treatment, higher levels of genetic differentiation in the logged treatment and greater partitioning of genetic diversity among logged sites. Analysis of cpDNA revealed significantly higher levels of total and within-site genetic diversity in the logged treatment than the burnt or undisturbed treatments, with haplotypes entering the system via the use of non-local seed in the regeneration process. We suggest that artificial regeneration activities should utilise a greater number of maternal parents, which could be achieved via variable retention harvesting or utilising a regional admixture provenancing approach.</subfield></datafield><datafield tag="592" ind1=" " ind2=" "><subfield code="a">Publisher supplied data</subfield></datafield><datafield tag="593" ind1=" " ind2=" "><subfield code="a">PubAg article</subfield></datafield><datafield tag="596" ind1=" " ind2=" "><subfield code="a">FT130100043</subfield><subfield code="c">Australian Research Council Future Fellowship</subfield></datafield><datafield tag="650" ind1=" " ind2="3"><subfield code="a">Eucalyptus regnans</subfield></datafield><datafield tag="650" ind1=" " ind2="3"><subfield code="a">artificial regeneration</subfield></datafield><datafield tag="650" ind1=" " ind2="3"><subfield code="a">chloroplast DNA</subfield></datafield><datafield tag="650" ind1=" " ind2="3"><subfield code="a">chloroplasts</subfield></datafield><datafield tag="650" ind1=" " ind2="3"><subfield code="a">climate change</subfield></datafield><datafield tag="650" ind1=" " ind2="3"><subfield code="a">forest ecosystems</subfield></datafield><datafield tag="650" ind1=" " ind2="3"><subfield code="a">forests</subfield></datafield><datafield tag="650" ind1=" " ind2="3"><subfield code="a">genetic analysis</subfield></datafield><datafield tag="650" ind1=" " ind2="3"><subfield code="a">genetic structure</subfield></datafield><datafield tag="650" ind1=" " ind2="3"><subfield code="a">genetic variation</subfield></datafield><datafield tag="650" ind1=" " ind2="3"><subfield code="a">haplotypes</subfield></datafield><datafield tag="650" ind1=" " ind2="3"><subfield code="a">harvesting</subfield></datafield><datafield tag="650" ind1=" " ind2="3"><subfield code="a">logging</subfield></datafield><datafield tag="650" ind1=" " ind2="3"><subfield code="a">microsatellite repeats</subfield></datafield><datafield tag="650" ind1=" " ind2="3"><subfield code="a">parents</subfield></datafield><datafield tag="650" ind1=" " ind2="3"><subfield code="a">pollen flow</subfield></datafield><datafield tag="650" ind1=" " ind2="3"><subfield code="a">seed dispersal</subfield></datafield><datafield tag="650" ind1=" " ind2="3"><subfield code="a">single nucleotide polymorphism</subfield></datafield><datafield tag="650" ind1=" " ind2="3"><subfield code="a">trees</subfield></datafield><datafield tag="650" ind1=" " ind2="3"><subfield code="a">wildfires</subfield></datafield><datafield tag="700" ind1="1" ind2=" "><subfield code="a">Peakall, Rod</subfield><subfield code="e">author</subfield><subfield code="u">Research School of Biology, The Australian National University, Canberra, ACT 2600, Australia</subfield></datafield><datafield tag="700" ind1="1" ind2=" "><subfield code="a">Lindenmayer, David B.</subfield><subfield code="e">author</subfield><subfield code="u">Fenner School of Environment and Society, The Australian National University, Canberra, ACT 2600, Australia</subfield></datafield><datafield tag="700" ind1="1" ind2=" "><subfield code="a">Banks, Sam C.</subfield><subfield code="e">author</subfield><subfield code="u">Research Institute for the Environment and Livelihoods, Charles Darwin University, Darwin, NT, 0909, Australia</subfield></datafield><datafield tag="773" ind1="0" ind2=" "><subfield code="t">Conservation genetics.</subfield><subfield code="g">2020 Apr., v. 21, no. 2 p.231-246</subfield><subfield code="d">Springer Netherlands</subfield><subfield code="w">Journal:jnl3870040</subfield><subfield code="x">1566-0621</subfield><subfield code="7">nnas</subfield></datafield><datafield tag="787" ind1="1" ind2=" "><subfield code="o">islandora_article_repository</subfield></datafield><datafield tag="787" ind1="1" ind2=" "><subfield code="o">product_pubag</subfield></datafield><datafield tag="787" ind1="1" ind2=" "><subfield code="o">(Journal)jnl3870040</subfield></datafield><datafield tag="856" ind1="4" ind2="0"><subfield code="u">http://dx.doi.org/10.1007/s10592-019-01245-6</subfield><subfield code="3">Available from publisher's site</subfield></datafield><datafield tag="912" ind1=" " ind2=" "><subfield code="a">Article</subfield></datafield><datafield tag="914" ind1=" " ind2=" "><subfield code="a">Journal:jnl3870040</subfield><subfield code="b">1566-0621</subfield><subfield code="c">21</subfield><subfield code="d">2</subfield><subfield code="e">231</subfield></datafield><datafield tag="914" ind1=" " ind2=" "><subfield code="f">Conservation genetics</subfield></datafield><datafield tag="916" ind1=" " ind2=" "><subfield code="a">Batch:2595</subfield></datafield><datafield tag="917" ind1=" " ind2=" "><subfield code="a">issued</subfield></datafield><datafield tag="918" ind1="2" ind2=" "><subfield code="a">Springer</subfield><subfield code="e">provider</subfield><subfield code="5">DNAL</subfield></datafield><datafield tag="935" ind1=" " ind2=" "><subfield code="a">IND606862811</subfield><subfield code="9">ExL</subfield></datafield><datafield tag="949" ind1=" " ind2=" "><subfield code="a">2020-10-30</subfield></datafield><datafield tag="953" ind1=" " ind2=" "><subfield code="a">/data/metadata/incoming/springer/ftp_PUB_20-03-15_05-16-56.zip</subfield></datafield><datafield tag="954" ind1=" " ind2=" "><subfield code="a">file:/data/metadata/staging/springer/10592-21-2.xml</subfield></datafield><datafield tag="955" ind1=" " ind2=" "><subfield code="a">/data/metadata/staging/springer/</subfield></datafield><datafield tag="962" ind1=" " ind2=" "><subfield code="a">Batch:2595 reviewed on 2020-10-30T16:00:06Z</subfield></datafield><datafield tag="974" ind1=" " ind2=" "><subfield code="a">agid:6862811</subfield></datafield><datafield tag="983" ind1=" " ind2=" "><subfield code="a">2020-03-15</subfield></datafield><datafield tag="984" ind1=" " ind2=" "><subfield code="a">2020-10-30</subfield></datafield></record>