<record><leader>04773nab a2200541 u 4500</leader><controlfield tag="001">9915898085107426</controlfield><controlfield tag="005">20221116181833.0</controlfield><controlfield tag="008">180904e201803 xx |||||o|||||||||||eng||</controlfield><datafield tag="" ind1="7" ind2=" "><subfield code="a">IND605900549</subfield><subfield code="2">DNAL</subfield></datafield><datafield tag="024" ind1="7" ind2=" "><subfield code="a">10.1007/s00265-018-2442-5</subfield><subfield code="2">doi</subfield></datafield><datafield tag="035" ind1=" " ind2=" "><subfield code="a">agid:5900549-01nal_inst</subfield></datafield><datafield tag="040" ind1=" " ind2=" "><subfield code="a">AGL</subfield><subfield code="b">eng</subfield><subfield code="c">AGL</subfield></datafield><datafield tag="100" ind1="1" ind2=" "><subfield code="a">Symes, L. B.</subfield><subfield code="e">author</subfield><subfield code="u">Department of Biological Sciences, Dartmouth College, Hanover, NH, USA. Laurel.Symes@dartmouth.edu</subfield><subfield code="1">https://orcid.org/0000-0001-6650-3813</subfield></datafield><datafield tag="245" ind1="1" ind2="0"><subfield code="a">Spatial and temporal variation in three call traits and preferences of the tree cricket Oecanthus forbesi</subfield></datafield><datafield tag="300" ind1=" " ind2=" "><subfield code="a">p. 35.</subfield></datafield><datafield tag="520" ind1=" " ind2=" "><subfield code="a">Multiple selective forces act on the evolution of mating preferences. While mating preferences are central to pre-zygotic isolation, certain preferences and traits may make greater contributions. For some traits, females may exhibit preferences, but accept heterospecifics trait values when preferred values are scarce. For other traits, females may fail to reproduce before accepting heterospecifics trait values. Understanding patterns of variation and divergence in this later class of traits is particularly relevant to understanding divergence and speciation. Here, I focus on three call traits of Forbes’ Tree Cricket (Oecanthus forbesi) to quantify their capacity to produce reproductive isolation and to compare patterns of variation and divergence in these traits. By generating female preference functions and measuring male call parameters, I test two hypotheses: (1) traits and preferences vary in their capacity to contribute to reproductive isolation and (2) traits that are important to reproductive isolation have lower intrapopulation, interpopulation, and interannual variation and weaker correlation with male body size. I find that female response to one trait (pulse rate) decreased sharply when trait values fell within the heterospecific range. This trait had low variation and no correlation with male morphology. For two other traits (pulse duration and dominant frequency), females responded to many values, including values characteristics of co-occurring heterospecifics. Trait variation was higher and pulse duration correlated with male leg length. These results indicate that the evolutionary dynamics of a low-variation trait (pulse rate) may be more important to speciation than changes in more conspicuously variable sexually selected traits. SIGNIFICANCE STATEMENT: Animals often attract and assess mates using complex signals. This paper tests whether some signal components contribute more to preventing mating between species. The data show that changes in a single trait [pulse rate of cricket calls] can eliminate female response to males, while other traits [dominant frequency (pitch) and pulse duration] can be changed to match the values produced by other species without reducing female response. Consequently, some traits may diverge without contributing to reproductive isolation between species. The paper then tests for correlations between trait function and patterns of trait variation within and between populations and species. Pulse rate has low variation within and between populations, but differs substantially between species. Dominant frequency and pulse rate are more variable within and between populations. Pulse duration also correlates with male body size, indicating that pulse duration could reflect male condition even if it is relatively unimportant for reproductive isolation.</subfield></datafield><datafield tag="592" ind1=" " ind2=" "><subfield code="a">Publisher supplied data</subfield></datafield><datafield tag="593" ind1=" " ind2=" "><subfield code="a">PubAg article</subfield></datafield><datafield tag="650" ind1=" " ind2="3"><subfield code="a">Oecanthus</subfield></datafield><datafield tag="650" ind1=" " ind2="3"><subfield code="a">animals</subfield></datafield><datafield tag="650" ind1=" " ind2="3"><subfield code="a">body size</subfield></datafield><datafield tag="650" ind1=" " ind2="3"><subfield code="a">females</subfield></datafield><datafield tag="650" ind1=" " ind2="3"><subfield code="a">heart rate</subfield></datafield><datafield tag="650" ind1=" " ind2="3"><subfield code="a">insect communication</subfield></datafield><datafield tag="650" ind1=" " ind2="3"><subfield code="a">legs</subfield></datafield><datafield tag="650" ind1=" " ind2="3"><subfield code="a">males</subfield></datafield><datafield tag="650" ind1=" " ind2="3"><subfield code="a">mating behavior</subfield></datafield><datafield tag="650" ind1=" " ind2="3"><subfield code="a">reproductive isolation</subfield></datafield><datafield tag="650" ind1=" " ind2="3"><subfield code="a">temporal variation</subfield></datafield><datafield tag="773" ind1="0" ind2=" "><subfield code="t">Behavioral ecology and sociobiology.</subfield><subfield code="g">2018 Mar., v. 72, no. 3 p.35-35</subfield><subfield code="d">Springer Berlin Heidelberg</subfield><subfield code="w">Journal:jnl6766</subfield><subfield code="x">0340-5443</subfield><subfield code="7">nnas</subfield></datafield><datafield tag="787" ind1="1" ind2=" "><subfield code="o">islandora_article_repository</subfield></datafield><datafield tag="787" ind1="1" ind2=" "><subfield code="o">product_pubag</subfield></datafield><datafield tag="787" ind1="1" ind2=" "><subfield code="o">(Journal)jnl6766</subfield></datafield><datafield tag="856" ind1="4" ind2="0"><subfield code="u">https://dx.doi.org/10.1007/s00265-018-2442-5</subfield><subfield code="3">Available from publisher's site</subfield></datafield><datafield tag="912" ind1=" " ind2=" "><subfield code="a">Article</subfield></datafield><datafield tag="914" ind1=" " ind2=" "><subfield code="a">Journal:jnl6766</subfield><subfield code="b">0340-5443</subfield><subfield code="c">72</subfield><subfield code="d">3</subfield><subfield code="e">35</subfield></datafield><datafield tag="914" ind1=" " ind2=" "><subfield code="f">Behavioral ecology and sociobiology</subfield></datafield><datafield tag="916" ind1=" " ind2=" "><subfield code="a">Batch:1933</subfield></datafield><datafield tag="917" ind1=" " ind2=" "><subfield code="a">issued</subfield></datafield><datafield tag="918" ind1="2" ind2=" "><subfield code="a">Springer</subfield><subfield code="e">provider</subfield><subfield code="5">DNAL</subfield></datafield><datafield tag="935" ind1=" " ind2=" "><subfield code="a">IND605900549</subfield><subfield code="9">ExL</subfield></datafield><datafield tag="949" ind1=" " ind2=" "><subfield code="a">2018-09-04</subfield></datafield><datafield tag="953" ind1=" " ind2=" "><subfield code="a">/data/metadata/incoming/springer/ftp_PUB_18-09-03_09-51-40.zip</subfield></datafield><datafield tag="954" ind1=" " ind2=" "><subfield code="a">file:/data/metadata/staging/springer/00265-72-3.xml</subfield></datafield><datafield tag="955" ind1=" " ind2=" "><subfield code="a">/data/metadata/staging/springer/</subfield></datafield><datafield tag="974" ind1=" " ind2=" "><subfield code="a">agid:5900549</subfield></datafield><datafield tag="983" ind1=" " ind2=" "><subfield code="a">2018-09-04</subfield></datafield><datafield tag="984" ind1=" " ind2=" "><subfield code="a">2018-09-04</subfield></datafield></record>