<record><leader>04317nab a2200673 u 4500</leader><controlfield tag="001">9915898249407426</controlfield><controlfield tag="005">20221116182912.0</controlfield><controlfield tag="008">190923e201911 xx |||||o|||||||||||eng||</controlfield><datafield tag="" ind1="7" ind2=" "><subfield code="a">IND606495501</subfield><subfield code="2">DNAL</subfield></datafield><datafield tag="024" ind1="7" ind2=" "><subfield code="a">10.1/j.ecoleng.2019.06.017</subfield><subfield code="2">doi</subfield></datafield><datafield tag="035" ind1=" " ind2=" "><subfield code="a">agid:6495501-01nal_inst</subfield></datafield><datafield tag="040" ind1=" " ind2=" "><subfield code="a">AGL</subfield><subfield code="b">eng</subfield><subfield code="c">AGL</subfield></datafield><datafield tag="100" ind1="1" ind2=" "><subfield code="a">Janus, Jaroslaw</subfield><subfield code="e">author</subfield><subfield code="1">https://orcid.org/0000-0003-1725-1589</subfield></datafield><datafield tag="245" ind1="1" ind2="0"><subfield code="a">Land abandonment in Poland after the collapse of socialism: Over a quarter of a century of increasing tree cover on agricultural land</subfield></datafield><datafield tag="300" ind1=" " ind2=" "><subfield code="a">p. 106-117.</subfield></datafield><datafield tag="520" ind1=" " ind2=" "><subfield code="a">Land abandonment is an important topic of discussion in many European countries but is particularly relevant for Central and Eastern Europe. When analyzing this issue, a major challenge is to assess the extent and dynamics of these changes in a way that combines high accuracy and a large study area. The article presents the phenomenon of land abandonment in Poland after the political transformation that took place at the turn of the 1980s and 1990s. The analysis covered an area of about 15,000 km2 that is characterized by unfavorable land fragmentation indicators and the dominance of small-area farms. The region was intensively used for agriculture until the fall of socialism; since then, the phenomenon of land abandonment has increased rapidly. The proposed method for identifying abandoned land uses Airborne Laser Scanning (ALS) data to precisely determine the extent of tree cover and the height of trees. Assuming the correlation between the height of trees and their age allowed estimation of the long-term changeability of land abandonment. The study covered the extent and dynamics of changes in tree cover in over 1800 villages. The results indicate that the problem of land abandonment noticeably and permanently changes the spatial patterns of land use in Southern Poland. The identified extent of forest cover has increased continuously since the political transformation in 63% of the studied villages. In total, over the last quarter of a century, land abandonment related to forest expansion on agricultural land has been observed in an area of 93,600 ha, which is 10.5% of the entire region. The proposed method has shown its usefulness in analyzing land abandonment at the regional level. It allows not only precise identification of the size of areas covered with tall vegetation, but also approximate assessment of the dynamics of these changes over time.</subfield></datafield><datafield tag="592" ind1=" " ind2=" "><subfield code="a">Publisher supplied data</subfield></datafield><datafield tag="593" ind1=" " ind2=" "><subfield code="a">PubAg article</subfield></datafield><datafield tag="650" ind1=" " ind2="3"><subfield code="a">abandoned land</subfield></datafield><datafield tag="650" ind1=" " ind2="3"><subfield code="a">agricultural land</subfield></datafield><datafield tag="650" ind1=" " ind2="3"><subfield code="a">farms</subfield></datafield><datafield tag="650" ind1=" " ind2="3"><subfield code="a">forests</subfield></datafield><datafield tag="650" ind1=" " ind2="3"><subfield code="a">habitat fragmentation</subfield></datafield><datafield tag="650" ind1=" " ind2="3"><subfield code="a">land use</subfield></datafield><datafield tag="650" ind1=" " ind2="3"><subfield code="a">lidar</subfield></datafield><datafield tag="650" ind1=" " ind2="3"><subfield code="a">politics</subfield></datafield><datafield tag="650" ind1=" " ind2="3"><subfield code="a">socialism</subfield></datafield><datafield tag="650" ind1=" " ind2="3"><subfield code="a">tree height</subfield></datafield><datafield tag="650" ind1=" " ind2="3"><subfield code="a">trees</subfield></datafield><datafield tag="650" ind1=" " ind2="3"><subfield code="a">villages</subfield></datafield><datafield tag="651" ind1=" " ind2="3"><subfield code="a">Eastern European region</subfield></datafield><datafield tag="651" ind1=" " ind2="3"><subfield code="a">Poland</subfield></datafield><datafield tag="653" ind1=" " ind2="0"><subfield code="a">Cropland abandonment</subfield></datafield><datafield tag="653" ind1=" " ind2="0"><subfield code="a">LiDAR</subfield></datafield><datafield tag="653" ind1=" " ind2="0"><subfield code="a">Airborne scanning</subfield></datafield><datafield tag="653" ind1=" " ind2="0"><subfield code="a">Land cover change</subfield></datafield><datafield tag="653" ind1=" " ind2="0"><subfield code="a">Socialism collapse</subfield></datafield><datafield tag="653" ind1=" " ind2="0"><subfield code="a">Forest transition</subfield></datafield><datafield tag="700" ind1="1" ind2=" "><subfield code="a">Bozek, Piotr</subfield><subfield code="e">author</subfield><subfield code="u">Department of Agricultural Land Surveying, Cadastre and Photogrammetry, Faculty of Environmental Engineering and Land Surveying, University of Agriculture in Krakow, ul. Balicka 253a, 30-198 Krakow, Poland</subfield><subfield code="1">https://orcid.org/0000-0002-6936-756X</subfield></datafield><datafield tag="773" ind1="0" ind2=" "><subfield code="t">Ecological engineering.</subfield><subfield code="g">2019 Nov., v. 138 p.106-117</subfield><subfield code="d">Elsevier B.V.</subfield><subfield code="w">Journal:11630</subfield><subfield code="x">0925-8574</subfield><subfield code="7">nnas</subfield></datafield><datafield tag="787" ind1="1" ind2=" "><subfield code="o">islandora_article_repository</subfield></datafield><datafield tag="787" ind1="1" ind2=" "><subfield code="o">product_pubag</subfield></datafield><datafield tag="787" ind1="1" ind2=" "><subfield code="o">(Journal)11630</subfield></datafield><datafield tag="856" ind1="4" ind2="0"><subfield code="u">https://dx.doi.org/10.1/j.ecoleng.2019.06.017</subfield><subfield code="3">Available from publisher's site</subfield></datafield><datafield tag="912" ind1=" " ind2=" "><subfield code="a">Article</subfield></datafield><datafield tag="914" ind1=" " ind2=" "><subfield code="a">Journal:11630</subfield><subfield code="b">0925-8574</subfield></datafield><datafield tag="914" ind1=" " ind2=" "><subfield code="f">Ecological engineering</subfield></datafield><datafield tag="916" ind1=" " ind2=" "><subfield code="a">Batch:2283</subfield></datafield><datafield tag="916" ind1=" " ind2=" "><subfield code="a">Batch:2284</subfield></datafield><datafield tag="917" ind1=" " ind2=" "><subfield code="a">issued</subfield></datafield><datafield tag="918" ind1="2" ind2=" "><subfield code="a">Elsevier Consyn</subfield><subfield code="e">provider</subfield><subfield code="5">DNAL</subfield></datafield><datafield tag="935" ind1=" " ind2=" "><subfield code="a">IND606495501</subfield><subfield code="9">ExL</subfield></datafield><datafield tag="949" ind1=" " ind2=" "><subfield code="a">2019-09-23</subfield></datafield><datafield tag="953" ind1=" " ind2=" "><subfield code="a" >/data/metadata/incoming/consyn/161057059234561326-00001-HEAD-ONLY-REVISEDSUBJECTLIST.zip</subfield></datafield><datafield tag="954" ind1=" " ind2=" "><subfield code="a">file:/data/metadata/staging/consyn/S0925857419302149.xml</subfield></datafield><datafield tag="955" ind1=" " ind2=" "><subfield code="a">/data/metadata/staging/consyn/</subfield></datafield><datafield tag="974" ind1=" " ind2=" "><subfield code="a">agid:6495501</subfield></datafield><datafield tag="983" ind1=" " ind2=" "><subfield code="a">2019-09-23</subfield></datafield><datafield tag="984" ind1=" " ind2=" "><subfield code="a">2019-09-23</subfield></datafield></record>