<record><leader>04141nab a2200889 u 4500</leader><controlfield tag="001">9915899076407426</controlfield><controlfield tag="005">20221116193731.0</controlfield><controlfield tag="008">060928e200601 xx |||||o|||||||||||eng||</controlfield><datafield tag="" ind1="7" ind2=" "><subfield code="a">IND43839159</subfield><subfield code="2">DNAL</subfield></datafield><datafield tag="024" ind1="7" ind2=" "><subfield code="a">10.1139/x05-236</subfield><subfield code="2">doi</subfield></datafield><datafield tag="024" ind1="7" ind2=" "><subfield code="a">10113/1412</subfield><subfield code="2">hdl</subfield></datafield><datafield tag="035" ind1=" " ind2=" "><subfield code="a">agid:1412-01nal_inst</subfield></datafield><datafield tag="040" ind1=" " ind2=" "><subfield code="a">AGL</subfield><subfield code="b">eng</subfield><subfield code="c">AGL</subfield></datafield><datafield tag="072" ind1=" " ind2="0"><subfield code="a">K800</subfield></datafield><datafield tag="072" ind1=" " ind2="0"><subfield code="a">B200</subfield></datafield><datafield tag="072" ind1=" " ind2="0"><subfield code="a">K001</subfield></datafield><datafield tag="072" ind1=" " ind2="0"><subfield code="a">X100</subfield></datafield><datafield tag="072" ind1=" " ind2="0"><subfield code="a">W000</subfield></datafield><datafield tag="100" ind1="1" ind2=" "><subfield code="a">Lazarus, B.E.</subfield></datafield><datafield tag="245" ind1="1" ind2="0"><subfield code="a">Landscape-scale spatial patterns of winter injury to red spruce foliage in a year of heavy region-wide injury</subfield></datafield><datafield tag="300" ind1=" " ind2=" "><subfield code="a">p. 142-152.</subfield></datafield><datafield tag="500" ind1=" " ind2=" "><subfield code="a">Includes references</subfield></datafield><datafield tag="500" ind1=" " ind2=" "><subfield code="a">Summary in French.</subfield></datafield><datafield tag="500" ind1=" " ind2=" "><subfield code="a">2019-12-04</subfield></datafield><datafield tag="520" ind1=" " ind2=" "><subfield code="a">Red spruce (Picea rubens Sarg.) winter injury is caused by freezing damage that results in the abscission of the most recent foliar age-class. Injury was widespread and severe in the northeastern United States in 2003 and was assessed at multiple elevations at 23 sites in Vermont and adjacent states. This paper presents a spatial analysis of these injury assessments. Relationships between winter injury on dominant and codominant spruce trees and elevation, latitude, longitude, slope, and aspect were investigated with least squares regression and geographically weighted regression. Results of these analyses indicate that injury increased (1) with elevation; (2) from east to west; (3) with the degree to which plots faced west, except at the highest elevations, where injury was uniformly severe; (4) with increases in slope steepness at higher elevations, or with decreases in slope steepness at lower elevations; and (5) with the degree to which plots faced south, except at the highest elevations in northern locations, where injury was uniformly severe. Because injury was greater in areas that have historically received higher levels of acid and nitrogen deposition -- western portions of the study region, west-facing slopes, and higher elevations -- observed patterns of injury support the hypothesis that acidic and (or) nitrogen deposition act on a landscape scale to exacerbate winter injury. Greater injury on south-facing slopes suggests that sun exposure exacerbates injury or its expression.</subfield></datafield><datafield tag="593" ind1=" " ind2=" "><subfield code="a">PubAg article</subfield></datafield><datafield tag="593" ind1=" " ind2=" "><subfield code="c">USDA submission</subfield></datafield><datafield tag="650" ind1=" " ind2="3"><subfield code="a">spatial distribution</subfield></datafield><datafield tag="650" ind1=" " ind2="3"><subfield code="a">altitude</subfield></datafield><datafield tag="650" ind1=" " ind2="3"><subfield code="a">Picea rubens</subfield></datafield><datafield tag="650" ind1=" " ind2="3"><subfield code="a">least squares</subfield></datafield><datafield tag="650" ind1=" " ind2="3"><subfield code="a">hydrogen</subfield></datafield><datafield tag="650" ind1=" " ind2="3"><subfield code="a">statistical models</subfield></datafield><datafield tag="650" ind1=" " ind2="3"><subfield code="a">cold injury</subfield></datafield><datafield tag="650" ind1=" " ind2="3"><subfield code="a">solar radiation</subfield></datafield><datafield tag="650" ind1=" " ind2="3"><subfield code="a">forest trees</subfield></datafield><datafield tag="650" ind1=" " ind2="3"><subfield code="a">winter</subfield></datafield><datafield tag="650" ind1=" " ind2="3"><subfield code="a">longitude</subfield></datafield><datafield tag="650" ind1=" " ind2="3"><subfield code="a">spatial variation</subfield></datafield><datafield tag="650" ind1=" " ind2="3"><subfield code="a">plant stress</subfield></datafield><datafield tag="650" ind1=" " ind2="3"><subfield code="a">nitrogen</subfield></datafield><datafield tag="650" ind1=" " ind2="3"><subfield code="a">latitude</subfield></datafield><datafield tag="650" ind1=" " ind2="3"><subfield code="a">air pollution</subfield></datafield><datafield tag="650" ind1=" " ind2="3"><subfield code="a">cold tolerance</subfield></datafield><datafield tag="650" ind1=" " ind2="3"><subfield code="a">tree damage</subfield></datafield><datafield tag="651" ind1=" " ind2="3"><subfield code="a">Vermont</subfield></datafield><datafield tag="651" ind1=" " ind2="3"><subfield code="a">New Hampshire</subfield></datafield><datafield tag="651" ind1=" " ind2="3"><subfield code="a">Massachusetts</subfield></datafield><datafield tag="651" ind1=" " ind2="3"><subfield code="a">New York</subfield></datafield><datafield tag="653" ind1=" " ind2="0"><subfield code="a">slope</subfield></datafield><datafield tag="653" ind1=" " ind2="0"><subfield code="a">aspect</subfield></datafield><datafield tag="700" ind1="1" ind2=" "><subfield code="a">Schaberg, P.G.</subfield></datafield><datafield tag="700" ind1="1" ind2=" "><subfield code="a">Hawley, G.J.</subfield></datafield><datafield tag="700" ind1="1" ind2=" "><subfield code="a">DeHayes, D.H.</subfield></datafield><datafield tag="773" ind1="0" ind2=" "><subfield code="t">Canadian journal of forest research =.</subfield><subfield code="g">2006 Jan., v. 36, no. 1 p.142-152</subfield><subfield code="x">0045-5067</subfield><subfield code="7">nnas</subfield></datafield><datafield tag="787" ind1="1" ind2=" "><subfield code="o">product_pubag</subfield></datafield><datafield tag="787" ind1="1" ind2=" "><subfield code="o">islandora_article_repository</subfield></datafield><datafield tag="787" ind1="1" ind2=" "><subfield code="o">islandora_pubag_with_text</subfield></datafield><datafield tag="787" ind1="1" ind2=" "><subfield code="o">(Journal)jnl2003</subfield></datafield><datafield tag="852" ind1=" " ind2=" "><subfield code="a">DNAL</subfield></datafield><datafield tag="856" ind1="4" ind2="0"><subfield code="u">http://dx.doi.org/10.1139/x05-236</subfield><subfield code="3">Available from publisher's Web site</subfield></datafield><datafield tag="856" ind1="4" ind2="0"><subfield code="u">https://handle.nal.usda.gov/10113/1412</subfield><subfield code="3">Available in the National Agricultural Library PubAg search system</subfield></datafield><datafield tag="912" ind1=" " ind2=" "><subfield code="a">Article</subfield></datafield><datafield tag="914" ind1=" " ind2=" "><subfield code="a">Journal:jnl2003</subfield><subfield code="b">0045-5067</subfield><subfield code="c">36</subfield><subfield code="d">1</subfield><subfield code="e">142</subfield></datafield><datafield tag="914" ind1=" " ind2=" "><subfield code="f">Canadian journal of forest research =</subfield></datafield><datafield tag="917" ind1=" " ind2=" "><subfield code="a">issued</subfield></datafield><datafield tag="930" ind1=" " ind2=" "><subfield code="a">20070727</subfield><subfield code="b">20070802</subfield><subfield code="c">00000000</subfield></datafield><datafield tag="935" ind1=" " ind2=" "><subfield code="a">IND43839159</subfield><subfield code="9">ExL</subfield></datafield><datafield tag="945" ind1=" " ind2=" "><subfield code="a">IND</subfield><subfield code="d">LYN</subfield><subfield code="e">2006/11/13</subfield></datafield><datafield tag="946" ind1=" " ind2=" "><subfield code="a">Non-US</subfield></datafield><datafield tag="949" ind1=" " ind2=" "><subfield code="a">2014-07-17</subfield></datafield><datafield tag="952" ind1=" " ind2=" "><subfield code="a">20070727 20070802 00000000</subfield><subfield code="b">IND LYN 2006/11/13</subfield></datafield><datafield tag="961" ind1=" " ind2=" "><subfield code="a">USDA/FS</subfield></datafield><datafield tag="974" ind1=" " ind2=" "><subfield code="a">agid:1412</subfield></datafield><datafield tag="984" ind1=" " ind2=" "><subfield code="a">2007-08-02</subfield></datafield><datafield tag="985" ind1=" " ind2=" "><subfield code="a">Converted from MARCXML to MODS version 3.4 using MARC21slim2MODS3-4.xsl (Revision 1.95 2014/04/23)</subfield></datafield><datafield tag="986" ind1=" " ind2=" "><subfield code="a">3839159</subfield></datafield></record>