<record><leader>06615nab a2201009 u 4500</leader><controlfield tag="001">9915899303407426</controlfield><controlfield tag="005">20221116194336.0</controlfield><controlfield tag="008">000510e199910 enk|||||o|||||||||||eng||</controlfield><datafield tag="" ind1="7" ind2=" "><subfield code="a">IND22044776</subfield><subfield code="2">DNAL</subfield></datafield><datafield tag="024" ind1="7" ind2=" "><subfield code="a">10.1046/j.1365-2486.1999.00268.x</subfield><subfield code="2">doi</subfield></datafield><datafield tag="024" ind1="7" ind2=" "><subfield code="a">10113/40372</subfield><subfield code="2">hdl</subfield></datafield><datafield tag="035" ind1=" " ind2=" "><subfield code="a">agid:40372-01nal_inst</subfield></datafield><datafield tag="040" ind1=" " ind2=" "><subfield code="a">AGL</subfield><subfield code="b">eng</subfield><subfield code="c">AGL</subfield></datafield><datafield tag="072" ind1=" " ind2="0"><subfield code="a">F600</subfield></datafield><datafield tag="072" ind1=" " ind2="0"><subfield code="a">W000</subfield></datafield><datafield tag="072" ind1=" " ind2="0"><subfield code="a">B200</subfield></datafield><datafield tag="072" ind1=" " ind2="0"><subfield code="a">F400</subfield></datafield><datafield tag="100" ind1="1" ind2=" "><subfield code="a">Pritchard, S.G.</subfield></datafield><datafield tag="245" ind1="1" ind2="0"><subfield code="a">Elevated CO2 and plant structure: a review</subfield></datafield><datafield tag="300" ind1=" " ind2=" "><subfield code="a">p. 807-837.</subfield></datafield><datafield tag="500" ind1=" " ind2=" "><subfield code="a">Includes references</subfield></datafield><datafield tag="500" ind1=" " ind2=" "><subfield code="a">2019-12-05</subfield></datafield><datafield tag="520" ind1=" " ind2=" "><subfield code="a">Consequences of increasing atmospheric CO2 concentration on plant structure, an important determinant of physiological and competitive success, have not received sufficient attention in the literature. Understanding how increasing carbon input will influence plant developmental processes, and resultant form, will help bridge the gap between physiological response and ecosystem level phenomena. Growth in elevated CO2 alters plant structure through its effects on both primary and secondary meristems of shoots and roots. Although not well established, a review of the literature suggests that cell division, cell expansion, and cell patterning may be affected, driven mainly by increased substrate (sucrose) availability and perhaps also by differential expression of genes involved in cell cycling (e.g. cyclins) or cell expansion (e.g. xyloglucan endotransglycosylase). Few studies, however, have attempted to elucidate the mechanistic basis for increased growth at the cellular level. Regardless of specific mechanisms involved, plant leaf size and anatomy are often altered by growth in elevated CO2, but the magnitude of these changes, which often decreases as leaves mature, hinges upon plant genetic plasticity, nutrient availability, temperature, and phenology. Increased leaf growth results more often from increased cell expansion rather than increased division. Leaves of crop species exhibit greater increases in leaf thickness than do leaves of wild species. Increased mesophyll and vascular tissue cross-sectional areas, important determinates of photosynthetic rates and assimilate transport capacity, are often reported. Few studies, however, have quantified characteristics more reflective of leaf function such as spatial relationships among chlorenchyma cells (size, orientation, and surface area), intercellular spaces, and conductive tissue. Greater leaf size and/or more leaves per plant are often noted; plants grown in elevated CO2 exhibited increased leaf area per plant in 66% of studies, compared to 28% of observations reporting no change, and 6% reported a decrease in whole plant leaf area. This resulted in an average net increase in leaf area per plant of 24%. Crop species showed the greatest average increase in whole plant leaf area (+ 37%) compared to tree species (+ 14%) and wild, nonwoody species (+ 15%). Conversely, tree species and wild, nontrees showed the greatest reduction in specific leaf area (- 14% and - 20%) compared to crop plants (- 6%). Alterations in developmental processes at the shoot apex and within the vascular cambium contributed to increased plant height, altered branching characteristics, and increased stem diameters. The ratio of internode length to node number often increased, but the length and sometimes the number of branches per node was greater, suggesting reduced apical dominance. Data concerning effects of elevated CO2 on stem/branch anatomy, vital for understanding potential shifts in functional relationships of leaves with stems, roots with stems, and leaves with roots, are too few to make generalizations. Growth in elevated CO2 typically leads to increased root length, diameter, and altered branching patterns. Altered branching characteristics in both shoots and roots may impact competitive relationships above and below the ground. Understanding how increased carbon assimilation affects growth processes (cell division, cell expansion, and cell patterning) will facilitate a better understanding of how plant form will change as atmospheric CO2 increases. Knowing how basic growth processes respond to increased carbon inputs may also provide a mechanistic basis for the differential phenotypic plasticity exhibited by different plant species/functional types to elevated CO2.</subfield></datafield><datafield tag="593" ind1=" " ind2=" "><subfield code="a">PubAg article</subfield></datafield><datafield tag="593" ind1=" " ind2=" "><subfield code="c">USDA submission</subfield></datafield><datafield tag="650" ind1=" " ind2="3"><subfield code="a">cell growth</subfield></datafield><datafield tag="650" ind1=" " ind2="3"><subfield code="a">thickness</subfield></datafield><datafield tag="650" ind1=" " ind2="3"><subfield code="a">height</subfield></datafield><datafield tag="650" ind1=" " ind2="3"><subfield code="a">plant vascular system</subfield></datafield><datafield tag="650" ind1=" " ind2="3"><subfield code="a">root meristems</subfield></datafield><datafield tag="650" ind1=" " ind2="3"><subfield code="a">plant competition</subfield></datafield><datafield tag="650" ind1=" " ind2="3"><subfield code="a">shoots</subfield></datafield><datafield tag="650" ind1=" " ind2="3"><subfield code="a">carbon dioxide</subfield></datafield><datafield tag="650" ind1=" " ind2="3"><subfield code="a">wild plants</subfield></datafield><datafield tag="650" ind1=" " ind2="3"><subfield code="a">phenology</subfield></datafield><datafield tag="650" ind1=" " ind2="3"><subfield code="a">cell division</subfield></datafield><datafield tag="650" ind1=" " ind2="3"><subfield code="a">gene expression</subfield></datafield><datafield tag="650" ind1=" " ind2="3"><subfield code="a">length</subfield></datafield><datafield tag="650" ind1=" " ind2="3"><subfield code="a">ecosystems</subfield></datafield><datafield tag="650" ind1=" " ind2="3"><subfield code="a">mesophyll</subfield></datafield><datafield tag="650" ind1=" " ind2="3"><subfield code="a">leaves</subfield></datafield><datafield tag="650" ind1=" " ind2="3"><subfield code="a">sucrose</subfield></datafield><datafield tag="650" ind1=" " ind2="3"><subfield code="a">air temperature</subfield></datafield><datafield tag="650" ind1=" " ind2="3"><subfield code="a">leaf area</subfield></datafield><datafield tag="650" ind1=" " ind2="3"><subfield code="a">branches</subfield></datafield><datafield tag="650" ind1=" " ind2="3"><subfield code="a">plant physiology</subfield></datafield><datafield tag="650" ind1=" " ind2="3"><subfield code="a">nutrient availability</subfield></datafield><datafield tag="650" ind1=" " ind2="3"><subfield code="a">internodes</subfield></datafield><datafield tag="650" ind1=" " ind2="3"><subfield code="a">plant morphology</subfield></datafield><datafield tag="650" ind1=" " ind2="3"><subfield code="a">crops</subfield></datafield><datafield tag="653" ind1=" " ind2="0"><subfield code="a">carbon dioxide enrichment</subfield></datafield><datafield tag="653" ind1=" " ind2="0"><subfield code="a">literature reviews</subfield></datafield><datafield tag="653" ind1=" " ind2="0"><subfield code="a">growth</subfield></datafield><datafield tag="653" ind1=" " ind2="0"><subfield code="a">roots</subfield></datafield><datafield tag="653" ind1=" " ind2="0"><subfield code="a">shoot apices</subfield></datafield><datafield tag="653" ind1=" " ind2="0"><subfield code="a">competitive ability</subfield></datafield><datafield tag="653" ind1=" " ind2="0"><subfield code="a">size</subfield></datafield><datafield tag="653" ind1=" " ind2="0"><subfield code="a">plant characteristics</subfield></datafield><datafield tag="653" ind1=" " ind2="0"><subfield code="a">plants</subfield></datafield><datafield tag="653" ind1=" " ind2="0"><subfield code="a">plant anatomy</subfield></datafield><datafield tag="653" ind1=" " ind2="0"><subfield code="a">cell cycle</subfield></datafield><datafield tag="700" ind1="1" ind2=" "><subfield code="a">Rogers, H.H.</subfield></datafield><datafield tag="700" ind1="1" ind2=" "><subfield code="a">Prior, S.A.</subfield></datafield><datafield tag="700" ind1="1" ind2=" "><subfield code="a">Peterson, C.M.</subfield></datafield><datafield tag="773" ind1="0" ind2=" "><subfield code="t">Global change biology.</subfield><subfield code="g">1999 Oct., v. 5, no. 7 p.807-837</subfield><subfield code="x">1354-1013</subfield><subfield code="7">nnas</subfield></datafield><datafield tag="787" ind1="1" ind2=" "><subfield code="o">product_pubag</subfield></datafield><datafield tag="787" ind1="1" ind2=" "><subfield code="o">islandora_article_repository</subfield></datafield><datafield tag="787" ind1="1" ind2=" "><subfield code="o">islandora_pubag_with_text</subfield></datafield><datafield tag="787" ind1="1" ind2=" "><subfield code="o">(Journal)jnl57021</subfield></datafield><datafield tag="852" ind1=" " ind2=" "><subfield code="a">DNAL</subfield></datafield><datafield tag="856" ind1="4" ind2="0"><subfield code="u">http://dx.doi.org/10.1046/j.1365-2486.1999.00268.x</subfield><subfield code="3">Available from publisher's Web site</subfield></datafield><datafield tag="856" ind1="4" ind2="0"><subfield code="u">https://handle.nal.usda.gov/10113/40372</subfield><subfield code="3">Available in the National Agricultural Library PubAg search system</subfield></datafield><datafield tag="912" ind1=" " ind2=" "><subfield code="a">Article</subfield></datafield><datafield tag="914" ind1=" " ind2=" "><subfield code="a">Journal:jnl57021</subfield><subfield code="b">1354-1013</subfield><subfield code="c">5</subfield><subfield code="d">7</subfield><subfield code="e">807</subfield></datafield><datafield tag="914" ind1=" " ind2=" "><subfield code="f">Glob. chang. biol</subfield></datafield><datafield tag="917" ind1=" " ind2=" "><subfield code="a">issued</subfield></datafield><datafield tag="930" ind1=" " ind2=" "><subfield code="a">20100423</subfield><subfield code="b">20100501</subfield><subfield code="c">00000000</subfield></datafield><datafield tag="935" ind1=" " ind2=" "><subfield code="a">IND22044776</subfield><subfield code="9">ExL</subfield></datafield><datafield tag="945" ind1=" " ind2=" "><subfield code="a">IND</subfield><subfield code="d">CTR</subfield></datafield><datafield tag="946" ind1=" " ind2=" "><subfield code="a">Non-US</subfield></datafield><datafield tag="949" ind1=" " ind2=" "><subfield code="a">2014-07-17</subfield></datafield><datafield tag="952" ind1=" " ind2=" "><subfield code="a">20100423 20100501 00000000</subfield><subfield code="b">IND CTR </subfield></datafield><datafield tag="961" ind1=" " ind2=" "><subfield code="a">USDA/ARS</subfield></datafield><datafield tag="974" ind1=" " ind2=" "><subfield code="a">agid:40372</subfield></datafield><datafield tag="984" ind1=" " ind2=" "><subfield code="a">2012-06-07</subfield></datafield><datafield tag="985" ind1=" " ind2=" "><subfield code="a">Converted from MARCXML to MODS version 3.4 using MARC21slim2MODS3-4.xsl (Revision 1.95 2014/04/23)</subfield></datafield><datafield tag="986" ind1=" " ind2=" "><subfield code="a">3409433</subfield></datafield></record>