<record><leader>05663nab a2200769 u 4500</leader><controlfield tag="001">9915899995007426</controlfield><controlfield tag="005">20221116202707.0</controlfield><controlfield tag="008">191213e201911 xx |||||o|||||||||||eng||</controlfield><datafield tag="" ind1="7" ind2=" "><subfield code="a">IND606778163</subfield><subfield code="2">DNAL</subfield></datafield><datafield tag="024" ind1="7" ind2=" "><subfield code="a">10.1002/ecs2.2811</subfield><subfield code="2">doi</subfield></datafield><datafield tag="035" ind1=" " ind2=" "><subfield code="a">agid:6778163-01nal_inst</subfield></datafield><datafield tag="040" ind1=" " ind2=" "><subfield code="a">AGL</subfield><subfield code="b">eng</subfield><subfield code="c">AGL</subfield></datafield><datafield tag="100" ind1="1" ind2=" "><subfield code="a">Morano, Sabrina</subfield><subfield code="e">author</subfield><subfield code="u">Department of Natural Resources and Environmental Science, University of Nevada Reno, 1664 N. Virginia Street, Reno, Nevada, 89557, USA</subfield></datafield><datafield tag="245" ind1="1" ind2="0"><subfield code="a">Resource selection of mule deer in a shrub‐steppe ecosystem: influence of woodland distribution and animal behavior</subfield></datafield><datafield tag="500" ind1=" " ind2=" "><subfield code="a">JOURNAL ARTICLE</subfield></datafield><datafield tag="520" ind1=" " ind2=" "><subfield code="a">Ungulates inhabiting arid ecosystems are reliant on productive forb and shrub communities during summer months to meet nutritional demands for survival and reproduction. In the western United States, expansion of woodland vegetation into shrub‐dominated communities and the potential loss of habitat are of concern with regard to animal populations reliant on robust sagebrush shrub and forb vegetation. We used mixed‐effects logistic regression to model resource selection of female mule deer (Odocoileus hemionus) during the summers of 2005–2008. We considered selection at two spatial scales, and during three daily activity periods (night, crepuscular, and mid‐day) corresponding to resting and foraging. We evaluated habitat variables related to vegetation type, site productivity, terrain attributes, and fine‐scale abundance of pinyon–juniper cover. Those attributes allowed us to account for variation in site productivity and animal behaviors that could obscure the true relationship between density of pinyon–juniper woodland and habitat use by mule deer. We detected observable differences in habitat use by mule deer among the three activity periods with significant differences in movement rates. Deer were most active during crepuscular periods corresponding with foraging activity, and least active mid‐day when temperatures were highest. Summer habitat consisted of sites with high potential productivity, greater shrub abundance, and greater proximity to riparian areas. Deer avoided high levels of tree cover (&gt;40% coverage) at all spatial and temporal scales, and in general selection declined with increasing pinyon–juniper cover, particularly during foraging periods. Nonetheless, mule deer selected areas with low to intermediate tree cover (10% to 40%) during resting periods and avoided areas of productive shrub and forb vegetation and riparian areas, when surrounded by denser stands of pinyon–juniper cover. These results emphasize the importance of productive shrub and forb vegetation to mule deer inhabiting semi‐arid regions and suggest that low levels of tree cover are beneficial, especially during resting periods. Nevertheless, dense pinyon–juniper cover was generally avoided even in areas of high site productivity. These relationships lend support to the concern that increases in large, dense stands of pinyon–juniper reduce availability of summer habitat and alter patterns of resource selection for mule deer, a shrub‐dependent ungulate.</subfield></datafield><datafield tag="592" ind1=" " ind2=" "><subfield code="a">Publisher supplied data</subfield></datafield><datafield tag="593" ind1=" " ind2=" "><subfield code="a">PubAg article</subfield></datafield><datafield tag="596" ind1=" " ind2=" "><subfield code="c">California Deer Association</subfield></datafield><datafield tag="596" ind1=" " ind2=" "><subfield code="c">Deer Management Program of California Department of Fish and Wildlife</subfield></datafield><datafield tag="650" ind1=" " ind2="3"><subfield code="a">Artemisia</subfield></datafield><datafield tag="650" ind1=" " ind2="3"><subfield code="a">Odocoileus hemionus</subfield></datafield><datafield tag="650" ind1=" " ind2="3"><subfield code="a">animal behavior</subfield></datafield><datafield tag="650" ind1=" " ind2="3"><subfield code="a">ecosystems</subfield></datafield><datafield tag="650" ind1=" " ind2="3"><subfield code="a">females</subfield></datafield><datafield tag="650" ind1=" " ind2="3"><subfield code="a">foraging</subfield></datafield><datafield tag="650" ind1=" " ind2="3"><subfield code="a">forbs</subfield></datafield><datafield tag="650" ind1=" " ind2="3"><subfield code="a">habitat preferences</subfield></datafield><datafield tag="650" ind1=" " ind2="3"><subfield code="a">habitats</subfield></datafield><datafield tag="650" ind1=" " ind2="3"><subfield code="a">landscapes</subfield></datafield><datafield tag="650" ind1=" " ind2="3"><subfield code="a">models</subfield></datafield><datafield tag="650" ind1=" " ind2="3"><subfield code="a">pinyon-juniper</subfield></datafield><datafield tag="650" ind1=" " ind2="3"><subfield code="a">regression analysis</subfield></datafield><datafield tag="650" ind1=" " ind2="3"><subfield code="a">reproduction</subfield></datafield><datafield tag="650" ind1=" " ind2="3"><subfield code="a">resting periods</subfield></datafield><datafield tag="650" ind1=" " ind2="3"><subfield code="a">riparian areas</subfield></datafield><datafield tag="650" ind1=" " ind2="3"><subfield code="a">semiarid zones</subfield></datafield><datafield tag="650" ind1=" " ind2="3"><subfield code="a">shrubs</subfield></datafield><datafield tag="650" ind1=" " ind2="3"><subfield code="a">summer</subfield></datafield><datafield tag="650" ind1=" " ind2="3"><subfield code="a">temperature</subfield></datafield><datafield tag="650" ind1=" " ind2="3"><subfield code="a">trees</subfield></datafield><datafield tag="650" ind1=" " ind2="3"><subfield code="a">ungulates</subfield></datafield><datafield tag="650" ind1=" " ind2="3"><subfield code="a">woodlands</subfield></datafield><datafield tag="651" ind1=" " ind2="3"><subfield code="a">Western United States</subfield></datafield><datafield tag="700" ind1="1" ind2=" "><subfield code="a">Stewart, Kelley M.</subfield><subfield code="e">author</subfield><subfield code="u">Department of Natural Resources and Environmental Science, University of Nevada Reno, 1664 N. Virginia Street, Reno, Nevada, 89557, USA</subfield></datafield><datafield tag="700" ind1="1" ind2=" "><subfield code="a">Dilts, Thomas</subfield><subfield code="e">author</subfield><subfield code="u">Department of Natural Resources and Environmental Science, University of Nevada Reno, 1664 N. Virginia Street, Reno, Nevada, 89557, USA</subfield></datafield><datafield tag="700" ind1="1" ind2=" "><subfield code="a">Ellsworth, Alisa</subfield><subfield code="e">author</subfield><subfield code="u">California Department of Fish and Wildlife, 787 N. Main Street, Bishop, California, 93514, USA</subfield></datafield><datafield tag="700" ind1="1" ind2=" "><subfield code="a">Bleich, Vernon C.</subfield><subfield code="e">author</subfield><subfield code="u">Department of Natural Resources and Environmental Science, University of Nevada Reno, 1664 N. Virginia Street, Reno, Nevada, 89557, USA</subfield></datafield><datafield tag="773" ind1="0" ind2=" "><subfield code="t">Ecosphere.</subfield><subfield code="g">2019 Nov., v. 10, no. 11 p.e02811-</subfield><subfield code="d">John Wiley &amp; Sons, Ltd</subfield><subfield code="w">Journal:12363</subfield><subfield code="x">2150-8925</subfield><subfield code="7">nnas</subfield></datafield><datafield tag="787" ind1="1" ind2=" "><subfield code="o">islandora_article_repository</subfield></datafield><datafield tag="787" ind1="1" ind2=" "><subfield code="o">product_pubag</subfield></datafield><datafield tag="787" ind1="1" ind2=" "><subfield code="o">(Journal)12363</subfield></datafield><datafield tag="856" ind1="4" ind2="0"><subfield code="u">http://dx.doi.org/10.1002/ecs2.2811</subfield><subfield code="3">Available from publisher's site</subfield></datafield><datafield tag="912" ind1=" " ind2=" "><subfield code="a">Article</subfield></datafield><datafield tag="914" ind1=" " ind2=" "><subfield code="a">Journal:12363</subfield><subfield code="b">2150-8925</subfield><subfield code="c">10</subfield><subfield code="d">11</subfield><subfield code="e">e02811</subfield></datafield><datafield tag="914" ind1=" " ind2=" "><subfield code="f">Ecosphere</subfield></datafield><datafield tag="916" ind1=" " ind2=" "><subfield code="a">Batch:2617</subfield></datafield><datafield tag="917" ind1=" " ind2=" "><subfield code="a">issued</subfield></datafield><datafield tag="918" ind1="2" ind2=" "><subfield code="a">John Wiley &amp; Sons, Inc</subfield><subfield code="e">provider</subfield><subfield code="5">DNAL</subfield></datafield><datafield tag="935" ind1=" " ind2=" "><subfield code="a">IND606778163</subfield><subfield code="9">ExL</subfield></datafield><datafield tag="949" ind1=" " ind2=" "><subfield code="a">2020-12-10</subfield></datafield><datafield tag="953" ind1=" " ind2=" "><subfield code="a">/data/metadata/incoming/wiley/21508925_2019_10_11.xml</subfield></datafield><datafield tag="954" ind1=" " ind2=" "><subfield code="a">file:/data/metadata/staging/wiley/21508925_2019_10_11.xml</subfield></datafield><datafield tag="955" ind1=" " ind2=" "><subfield code="a">/data/metadata/staging/wiley/</subfield></datafield><datafield tag="974" ind1=" " ind2=" "><subfield code="a">agid:6778163</subfield></datafield><datafield tag="983" ind1=" " ind2=" "><subfield code="a">2019-12-13</subfield></datafield><datafield tag="984" ind1=" " ind2=" "><subfield code="a">2020-12-10</subfield></datafield></record>