<record><leader>04119nab a2200661 u 4500</leader><controlfield tag="001">9915900339807426</controlfield><controlfield tag="005">20221116211234.0</controlfield><controlfield tag="008">071209e20071127xx |||||o|||||||||||eng||</controlfield><datafield tag="" ind1="7" ind2=" "><subfield code="a">IND43986929</subfield><subfield code="2">DNAL</subfield></datafield><datafield tag="024" ind1="7" ind2=" "><subfield code="a">10.1073/pnas.0705621104</subfield><subfield code="2">doi</subfield></datafield><datafield tag="024" ind1="7" ind2=" "><subfield code="a">PMC2141902</subfield><subfield code="2">pmcid</subfield></datafield><datafield tag="024" ind1="7" ind2=" "><subfield code="a">18024595</subfield><subfield code="2">pmid</subfield></datafield><datafield tag="035" ind1=" " ind2=" "><subfield code="a">agid:2354566-01nal_inst</subfield></datafield><datafield tag="040" ind1=" " ind2=" "><subfield code="a">AGL</subfield><subfield code="b">eng</subfield><subfield code="c">AGL</subfield></datafield><datafield tag="072" ind1=" " ind2="0"><subfield code="a"> F300 </subfield></datafield><datafield tag="072" ind1=" " ind2="0"><subfield code="a"> K001 </subfield></datafield><datafield tag="100" ind1="1" ind2=" "><subfield code="a">Wiegand, Thorsten</subfield></datafield><datafield tag="245" ind1="1" ind2="0"><subfield code="a">How individual species structure diversity in tropical forests</subfield></datafield><datafield tag="300" ind1=" " ind2=" "><subfield code="a">p. 19029-19033.</subfield></datafield><datafield tag="500" ind1=" " ind2=" "><subfield code="a">2019-12-04</subfield></datafield><datafield tag="506" ind1=" " ind2=" "><subfield code="a">Resource is Open Access</subfield><subfield code="u">http://purl.org/eprint/accessRights/OpenAccess</subfield><subfield code="f">Unrestricted online access</subfield><subfield code="2">star</subfield></datafield><datafield tag="520" ind1=" " ind2=" "><subfield code="a">A persistent challenge in ecology is to explain the high diversity of tree species in tropical forests. Although the role of species characteristics in maintaining tree diversity in tropical forests has been the subject of theory and debate for decades, spatial patterns in local diversity have not been analyzed from the viewpoint of individual species. To measure scale-dependent local diversity structures around individual species, we propose individual species-area relationships (ISAR), a spatial statistic that marries common species-area relationships with Ripley's K to measure the expected α diversity in circular neighborhoods with variable radius around an arbitrary individual of a target species. We use ISAR to investigate if and at which spatial scales individual species increase in tropical forests' local diversity (accumulators), decrease local diversity (repellers), or behave neutrally. Our analyses of data from Barro Colorado Island (Panama) and Sinharaja (Sri Lanka) reveal that individual species leave identifiable signatures on spatial diversity, but only on small spatial scales. Most species showed neutral behavior outside neighborhoods of 20 m. At short scales (&lt;20 m), we observed, depending on the forest type, two strongly different roles of species: diversity repellers dominated at Barro Colorado Island and accumulators at Sinharaja. Nevertheless, we find that the two tropical forests lacked any key species structuring species diversity at larger scales, suggesting that "balanced" species-species interactions may be a characteristic of these species-rich forests. We anticipate our analysis method will be a starting point for more powerful investigations of spatial structures in diversity to promote a better understanding of biodiversity in tropical forests.</subfield></datafield><datafield tag="593" ind1=" " ind2=" "><subfield code="a">PubAg article</subfield></datafield><datafield tag="650" ind1=" " ind2="3"><subfield code="a">forest trees</subfield></datafield><datafield tag="650" ind1=" " ind2="3"><subfield code="a">spatial distribution</subfield></datafield><datafield tag="650" ind1=" " ind2="3"><subfield code="a">tropical forests</subfield></datafield><datafield tag="650" ind1=" " ind2="3"><subfield code="a">species diversity</subfield></datafield><datafield tag="650" ind1=" " ind2="3"><subfield code="a">spatial variation</subfield></datafield><datafield tag="650" ind1=" " ind2="3"><subfield code="a">stand structure</subfield></datafield><datafield tag="650" ind1=" " ind2="3"><subfield code="a">forest ecology</subfield></datafield><datafield tag="651" ind1=" " ind2="3"><subfield code="a">Panama</subfield></datafield><datafield tag="651" ind1=" " ind2="3"><subfield code="a">Sri Lanka</subfield></datafield><datafield tag="653" ind1=" " ind2="0"><subfield code="a">individual species-area relationships</subfield></datafield><datafield tag="653" ind1=" " ind2="0"><subfield code="a">community ecology</subfield></datafield><datafield tag="653" ind1=" " ind2="0"><subfield code="a">biodiversity</subfield></datafield><datafield tag="653" ind1=" " ind2="0"><subfield code="a">spatial diversity</subfield></datafield><datafield tag="700" ind1="1" ind2=" "><subfield code="a">Gunatilleke, C.V. Savitri</subfield></datafield><datafield tag="700" ind1="1" ind2=" "><subfield code="a">Gunatilleke, I.A.U. Nimal</subfield></datafield><datafield tag="700" ind1="1" ind2=" "><subfield code="a">Huth, Andreas</subfield></datafield><datafield tag="773" ind1="0" ind2=" "><subfield code="t">Proceedings of the National Academy of Sciences of the United States of America.</subfield><subfield code="g">2007 Nov. 27, v. 104, no. 48 p.19029-19033</subfield><subfield code="d">National Academy of Sciences</subfield><subfield code="x">0027-8424</subfield><subfield code="7">nnas</subfield></datafield><datafield tag="787" ind1="1" ind2=" "><subfield code="o">islandora_article_repository</subfield></datafield><datafield tag="787" ind1="1" ind2=" "><subfield code="o">product_pubag</subfield></datafield><datafield tag="787" ind1="1" ind2=" "><subfield code="o">(Journal)jnl45680</subfield></datafield><datafield tag="852" ind1=" " ind2=" "><subfield code="a">DNAL</subfield></datafield><datafield tag="856" ind1="4" ind2="0"><subfield code="u">http://dx.doi.org/10.1073/pnas.0705621104</subfield><subfield code="3">Available from publisher's Web site</subfield></datafield><datafield tag="912" ind1=" " ind2=" "><subfield code="a">Article</subfield></datafield><datafield tag="914" ind1=" " ind2=" "><subfield code="a">Journal:jnl45680</subfield></datafield><datafield tag="914" ind1=" " ind2=" "><subfield code="f">Proceedings of the National Academy of Sciences of the United States of America</subfield></datafield><datafield tag="917" ind1=" " ind2=" "><subfield code="a">issued</subfield></datafield><datafield tag="930" ind1=" " ind2=" "><subfield code="a">20080212</subfield><subfield code="b">20080301</subfield><subfield code="c">00000000</subfield></datafield><datafield tag="935" ind1=" " ind2=" "><subfield code="a">IND43986929</subfield><subfield code="9">ExL</subfield></datafield><datafield tag="945" ind1=" " ind2=" "><subfield code="a">IND</subfield><subfield code="d">RHF</subfield><subfield code="e">2008/02/12</subfield></datafield><datafield tag="946" ind1=" " ind2=" "><subfield code="a">Other US</subfield></datafield><datafield tag="952" ind1=" " ind2=" "><subfield code="a">20080212 20080301 00000000</subfield><subfield code="b">IND RHF 2008/02/12</subfield></datafield><datafield tag="974" ind1=" " ind2=" "><subfield code="a">agid:2354566</subfield></datafield><datafield tag="984" ind1=" " ind2=" "><subfield code="a">2014-12-24</subfield></datafield><datafield tag="985" ind1=" " ind2=" "><subfield code="a">Converted from MARCXML to MODS version 3.4 using MARC21slim2MODS3-4.xsl (Revision 1.95 2014/04/23)</subfield></datafield><datafield tag="986" ind1=" " ind2=" "><subfield code="a">3986929</subfield></datafield></record>