<record><leader>04678nab a2200793 u 4500</leader><controlfield tag="001">9915900457907426</controlfield><controlfield tag="005">20221116211418.0</controlfield><controlfield tag="008">170708s2017 xx |||||o|||||||||||eng||</controlfield><datafield tag="" ind1="7" ind2=" "><subfield code="a">IND605702669</subfield><subfield code="2">DNAL</subfield></datafield><datafield tag="024" ind1="7" ind2=" "><subfield code="a">10.1/j.envpol.2017.06.049</subfield><subfield code="2">doi</subfield></datafield><datafield tag="035" ind1=" " ind2=" "><subfield code="a">agid:5702669-01nal_inst</subfield></datafield><datafield tag="040" ind1=" " ind2=" "><subfield code="a">AGL</subfield><subfield code="b">eng</subfield><subfield code="c">AGL</subfield></datafield><datafield tag="100" ind1="1" ind2=" "><subfield code="a">Ren, Yuan</subfield><subfield code="e">author</subfield><subfield code="u">College of Life Sciences, Zhejiang University, Hangzhou 310058, PR China</subfield></datafield><datafield tag="245" ind1="1" ind2="0"><subfield code="a">Air quality and health effects of biogenic volatile organic compounds emissions from urban green spaces and the mitigation strategies</subfield></datafield><datafield tag="500" ind1=" " ind2=" "><subfield code="a">Pre-press version</subfield></datafield><datafield tag="520" ind1=" " ind2=" "><subfield code="a">Biogenic volatile organic compounds (BVOCs) emissions lead to fine particulate matter (PM2.5) and ground-level ozone pollution, and are harmful to human health, especially in urban areas. However, most BVOCs estimations ignored the emissions from urban green spaces, causing inaccuracies in the understanding of regional BVOCs emissions and their environmental and health effects. In this study, we used the latest local vegetation datasets from our field survey and applied an estimation model to analyze the spatial-temporal patterns, air quality impacts, health damage and mitigating strategies of BVOCs emissions in the Greater Beijing Area. Results showed that: (1) the urban core was the hotspot of regional BVOCs emissions for the highest region-based emission intensity (3.0 g C m−2 yr−1) among the 11 sub-regions; (2) urban green spaces played much more important roles (account for 62% of total health damage) than rural forests in threating human health; (3) BVOCs emissions from green spaces will more than triple by 2050 due to urban area expansion, tree growth and environmental changes; and (4) adopting proactive management (e.g. adjusting tree species composition) can reduce 61% of the BVOCs emissions and 50% of the health damage related to BVOCs emissions by 2050.</subfield></datafield><datafield tag="592" ind1=" " ind2=" "><subfield code="a">Publisher supplied data</subfield></datafield><datafield tag="593" ind1=" " ind2=" "><subfield code="a">PubAg article</subfield></datafield><datafield tag="650" ind1=" " ind2="3"><subfield code="a">air quality</subfield></datafield><datafield tag="650" ind1=" " ind2="3"><subfield code="a">data collection</subfield></datafield><datafield tag="650" ind1=" " ind2="3"><subfield code="a">emissions</subfield></datafield><datafield tag="650" ind1=" " ind2="3"><subfield code="a">emissions factor</subfield></datafield><datafield tag="650" ind1=" " ind2="3"><subfield code="a">forests</subfield></datafield><datafield tag="650" ind1=" " ind2="3"><subfield code="a">human health</subfield></datafield><datafield tag="650" ind1=" " ind2="3"><subfield code="a">models</subfield></datafield><datafield tag="650" ind1=" " ind2="3"><subfield code="a">ozone</subfield></datafield><datafield tag="650" ind1=" " ind2="3"><subfield code="a">particulates</subfield></datafield><datafield tag="650" ind1=" " ind2="3"><subfield code="a">pollution</subfield></datafield><datafield tag="650" ind1=" " ind2="3"><subfield code="a">species diversity</subfield></datafield><datafield tag="650" ind1=" " ind2="3"><subfield code="a">surveys</subfield></datafield><datafield tag="650" ind1=" " ind2="3"><subfield code="a">tree growth</subfield></datafield><datafield tag="650" ind1=" " ind2="3"><subfield code="a">trees</subfield></datafield><datafield tag="650" ind1=" " ind2="3"><subfield code="a">urban areas</subfield></datafield><datafield tag="650" ind1=" " ind2="3"><subfield code="a">volatile organic compounds</subfield></datafield><datafield tag="651" ind1=" " ind2="3"><subfield code="a">China</subfield></datafield><datafield tag="653" ind1=" " ind2="0"><subfield code="a">Urban area</subfield></datafield><datafield tag="653" ind1=" " ind2="0"><subfield code="a">PM2.5</subfield></datafield><datafield tag="653" ind1=" " ind2="0"><subfield code="a">Ozone pollution</subfield></datafield><datafield tag="653" ind1=" " ind2="0"><subfield code="a">Isoprene</subfield></datafield><datafield tag="653" ind1=" " ind2="0"><subfield code="a">Monoterpenes</subfield></datafield><datafield tag="700" ind1="1" ind2=" "><subfield code="a">Ge, Ying</subfield><subfield code="e">author</subfield><subfield code="u">College of Life Sciences, Zhejiang University, Hangzhou 310058, PR China</subfield></datafield><datafield tag="700" ind1="1" ind2=" "><subfield code="a">Du, Yuanyuan</subfield><subfield code="e">author</subfield><subfield code="u">College of Life Sciences, Zhejiang University, Hangzhou 310058, PR China</subfield></datafield><datafield tag="700" ind1="1" ind2=" "><subfield code="a">Xu, Ronghua</subfield><subfield code="e">author</subfield><subfield code="u">College of Life Sciences, Zhejiang University, Hangzhou 310058, PR China</subfield></datafield><datafield tag="700" ind1="1" ind2=" "><subfield code="a">Ma, Danping</subfield><subfield code="e">author</subfield><subfield code="u">Engineering Experimental Training Center, Zhejiang University of Water Resources and Electric Power, Hangzhou 310018, PR China</subfield></datafield><datafield tag="700" ind1="1" ind2=" "><subfield code="a">Qu, Zelong</subfield><subfield code="e">author</subfield><subfield code="u">College of Life Sciences, Zhejiang University, Hangzhou 310058, PR China</subfield></datafield><datafield tag="700" ind1="1" ind2=" "><subfield code="a">Yang, Guofu</subfield><subfield code="e">author</subfield><subfield code="u">College of Life Sciences, Zhejiang University, Hangzhou 310058, PR China</subfield></datafield><datafield tag="700" ind1="1" ind2=" "><subfield code="a">Shi, Yan</subfield><subfield code="e">author</subfield><subfield code="u">School of Landscape Architecture, Zhejiang A &amp; F University, Lin'an 311300, PR China</subfield></datafield><datafield tag="700" ind1="1" ind2=" "><subfield code="a">Fan, Xing</subfield><subfield code="e">author</subfield><subfield code="u">College of Life Sciences, Zhejiang University, Hangzhou 310058, PR China</subfield></datafield><datafield tag="700" ind1="1" ind2=" "><subfield code="a">Tani, Akira</subfield><subfield code="e">author</subfield><subfield code="u">Institute for Environmental Sciences, University of Shizuoka, 52-1 Yada, Shizuoka 422-7 8526, Japan</subfield></datafield><datafield tag="700" ind1="1" ind2=" "><subfield code="a">Guo, Peipei</subfield><subfield code="e">author</subfield><subfield code="u">Research Center for Eco-Environmental Sciences, Chinese Academy of Sciences, Beijing 100085, PR China</subfield></datafield><datafield tag="700" ind1="1" ind2=" "><subfield code="a">Chang, Jie</subfield><subfield code="e">author</subfield><subfield code="u">College of Life Sciences, Zhejiang University, Hangzhou 310058, PR China</subfield></datafield><datafield tag="773" ind1="0" ind2=" "><subfield code="t">Environmental pollution.</subfield><subfield code="g">2017, </subfield><subfield code="d">Elsevier Ltd</subfield><subfield code="x">0269-7491</subfield><subfield code="7">nnas</subfield></datafield><datafield tag="787" ind1="1" ind2=" "><subfield code="o">islandora_article_repository</subfield></datafield><datafield tag="787" ind1="1" ind2=" "><subfield code="o">product_pubag</subfield></datafield><datafield tag="787" ind1="1" ind2=" "><subfield code="o">(Journal)jnl41014</subfield></datafield><datafield tag="856" ind1="4" ind2="0"><subfield code="u">http://dx.doi.org/10.1/j.envpol.2017.06.049</subfield><subfield code="3">Available from publisher's site</subfield></datafield><datafield tag="912" ind1=" " ind2=" "><subfield code="a">Article</subfield></datafield><datafield tag="914" ind1=" " ind2=" "><subfield code="a">Journal:jnl41014</subfield><subfield code="b">0269-7491</subfield></datafield><datafield tag="914" ind1=" " ind2=" "><subfield code="f">Environmental pollution</subfield></datafield><datafield tag="916" ind1=" " ind2=" "><subfield code="a">Batch:1785</subfield></datafield><datafield tag="917" ind1=" " ind2=" "><subfield code="a">issued</subfield></datafield><datafield tag="918" ind1="2" ind2=" "><subfield code="a">Elsevier Consyn</subfield><subfield code="e">provider</subfield><subfield code="5">DNAL</subfield></datafield><datafield tag="935" ind1=" " ind2=" "><subfield code="a">IND605702669</subfield><subfield code="9">ExL</subfield></datafield><datafield tag="949" ind1=" " ind2=" "><subfield code="a">2017-08-09</subfield></datafield><datafield tag="953" ind1=" " ind2=" "><subfield code="a">17013-00002-HEAD-ONLY-COLL_DEV_SELECTED_SUBJECTS.ZIP</subfield></datafield><datafield tag="962" ind1=" " ind2=" "><subfield code="a">Batch:1785 reviewed on 2017-08-09T15:00:02Z</subfield></datafield><datafield tag="974" ind1=" " ind2=" "><subfield code="a">agid:5702669</subfield></datafield><datafield tag="983" ind1=" " ind2=" "><subfield code="a">2017-07-08</subfield></datafield><datafield tag="984" ind1=" " ind2=" "><subfield code="a">2017-08-09</subfield></datafield></record>