<record><leader>03597nab a2200589 u 4500</leader><controlfield tag="001">9915900554207426</controlfield><controlfield tag="005">20221116215017.0</controlfield><controlfield tag="008">130318e201212 xx |||||o|||||||||||eng||</controlfield><datafield tag="" ind1="7" ind2=" "><subfield code="a">IND500608907</subfield><subfield code="2">DNAL</subfield></datafield><datafield tag="024" ind1="7" ind2=" "><subfield code="a">10.1007/s11295-012-0506-7</subfield><subfield code="2">doi</subfield></datafield><datafield tag="035" ind1=" " ind2=" "><subfield code="a">agid:548646-01nal_inst</subfield></datafield><datafield tag="040" ind1=" " ind2=" "><subfield code="a">AGL</subfield><subfield code="b">eng</subfield><subfield code="c">AGL</subfield></datafield><datafield tag="100" ind1="1" ind2=" "><subfield code="a">de Almeida Vieira, Fábio</subfield><subfield code="e">author</subfield><subfield code="u">Unidade Acadêmica Especializada em Ciências Agrárias, Universidade Federal do Rio Grande do Norte, CP 07, 59280-000, Macaíba, RN, Brazil, vieirafa@ufrnet.br</subfield></datafield><datafield tag="245" ind1="1" ind2="0"><subfield code="a">Fine-scale genetic dynamics of a dominant neotropical tree in the threatened Brazilian Atlantic Rainforest</subfield></datafield><datafield tag="300" ind1=" " ind2=" "><subfield code="a">p. 1191-1201.</subfield></datafield><datafield tag="520" ind1=" " ind2=" "><subfield code="a">We present a case study of the relationship between spatial genetic structure (SGS) and age structure in Protium spruceanum (Burseraceae), an insect-pollinated, mass-fruiting, and secondary bird-dispersed tree, as determined through variation in allozyme loci. Using ten polymorphic loci, we investigated spatial and temporal patterns of a genetic structure within a 40 m × 60 m plot in a small (1.0 ha) fragment of Atlantic Rainforest to investigate the processes shaping the distribution of genetic diversity. Individuals (n = 345) from seedlings to adults were grouped and analyzed in four diameter classes. The results showed a high average level of genetic diversity (H ₑ = 0.438), but genetic diversity parameters did not vary significantly among cohorts. The spatial distribution pattern analysis of individuals showed significant levels of aggregation among small- and medium-diameter classes and random distribution among the highest diameter class, likely due to processes of competitive thinning. There was an association between demographic and SGS at short distances (less than 10 m) which is likely the consequence of restricted seed dispersal. The degree of SGS decreased across small- to large-diameter classes. We inferred that limited seed dispersal and subsequent density-dependent mortality from the family clusters are responsible for the observed changes in fine-scale SGS across different demographic classes.</subfield></datafield><datafield tag="592" ind1=" " ind2=" "><subfield code="a">Publisher supplied data</subfield></datafield><datafield tag="593" ind1=" " ind2=" "><subfield code="a">PubAg article</subfield></datafield><datafield tag="650" ind1=" " ind2="3"><subfield code="a">Burseraceae</subfield></datafield><datafield tag="650" ind1=" " ind2="3"><subfield code="a">adults</subfield></datafield><datafield tag="650" ind1=" " ind2="3"><subfield code="a">age structure</subfield></datafield><datafield tag="650" ind1=" " ind2="3"><subfield code="a">case studies</subfield></datafield><datafield tag="650" ind1=" " ind2="3"><subfield code="a">genetic variation</subfield></datafield><datafield tag="650" ind1=" " ind2="3"><subfield code="a">loci</subfield></datafield><datafield tag="650" ind1=" " ind2="3"><subfield code="a">mortality</subfield></datafield><datafield tag="650" ind1=" " ind2="3"><subfield code="a">rain forests</subfield></datafield><datafield tag="650" ind1=" " ind2="3"><subfield code="a">seed dispersal</subfield></datafield><datafield tag="650" ind1=" " ind2="3"><subfield code="a">seedlings</subfield></datafield><datafield tag="650" ind1=" " ind2="3"><subfield code="a">trees</subfield></datafield><datafield tag="650" ind1=" " ind2="3"><subfield code="a">tropics</subfield></datafield><datafield tag="700" ind1="1" ind2=" "><subfield code="a">Fajardo, Cristiane Gouvêa</subfield><subfield code="e">author</subfield></datafield><datafield tag="700" ind1="1" ind2=" "><subfield code="a">de Souza, Anderson Marcos</subfield><subfield code="e">author</subfield></datafield><datafield tag="700" ind1="1" ind2=" "><subfield code="a">Reis, Cristiane Aparecida Fioravante</subfield><subfield code="e">author</subfield></datafield><datafield tag="700" ind1="1" ind2=" "><subfield code="a">de Carvalho, Dulcinéia</subfield><subfield code="e">author</subfield></datafield><datafield tag="773" ind1="0" ind2=" "><subfield code="t">Tree genetics &amp; genomes.</subfield><subfield code="g">2012 Dec., v. 8, no. 6 p.1191-1201</subfield><subfield code="d">Springer-Verlag</subfield><subfield code="x">1614-2942</subfield><subfield code="7">nnas</subfield></datafield><datafield tag="787" ind1="1" ind2=" "><subfield code="o">islandora_article_repository</subfield></datafield><datafield tag="787" ind1="1" ind2=" "><subfield code="o">product_pubag</subfield></datafield><datafield tag="787" ind1="1" ind2=" "><subfield code="o">(Journal)jnl3949857</subfield></datafield><datafield tag="856" ind1="4" ind2="0"><subfield code="u">http://dx.doi.org/10.1007/s11295-012-0506-7</subfield></datafield><datafield tag="912" ind1=" " ind2=" "><subfield code="a">Article</subfield></datafield><datafield tag="914" ind1=" " ind2=" "><subfield code="a">Journal:jnl3949857</subfield><subfield code="b">1614-2942</subfield><subfield code="c">8</subfield><subfield code="d">6</subfield><subfield code="e">1191</subfield></datafield><datafield tag="914" ind1=" " ind2=" "><subfield code="f">Tree genetics &amp; genomes</subfield></datafield><datafield tag="917" ind1=" " ind2=" "><subfield code="a">issued</subfield></datafield><datafield tag="918" ind1="2" ind2=" "><subfield code="a">Springer</subfield><subfield code="e">provider</subfield><subfield code="5">DNAL</subfield></datafield><datafield tag="935" ind1=" " ind2=" "><subfield code="a">IND500608907</subfield><subfield code="9">ExL</subfield></datafield><datafield tag="949" ind1=" " ind2=" "><subfield code="a">2014-03-19</subfield></datafield><datafield tag="951" ind1=" " ind2=" "><subfield code="a">2013-02-21</subfield></datafield><datafield tag="953" ind1=" " ind2=" "><subfield code="a">ftp_PUB_12-11-19_15-19-46.zip</subfield></datafield><datafield tag="962" ind1=" " ind2=" "><subfield code="a">Batch:458 annotated on 2014-02-27T10:27:05Z</subfield></datafield><datafield tag="962" ind1=" " ind2=" "><subfield code="a">Batch:458 reviewed on 2014-03-14T16:00:05Z</subfield></datafield><datafield tag="962" ind1=" " ind2=" "><subfield code="a">Batch:458 reviewed on 2014-03-19T16:00:05Z</subfield></datafield><datafield tag="974" ind1=" " ind2=" "><subfield code="a">agid:548646</subfield></datafield></record>