<record><leader>04469nab a2200685 u 4500</leader><controlfield tag="001">9915900579307426</controlfield><controlfield tag="005">20221116215756.0</controlfield><controlfield tag="008">110708s2011 xx |||||o|||||||||||eng||</controlfield><datafield tag="" ind1="7" ind2=" "><subfield code="a">IND44598269</subfield><subfield code="2">DNAL</subfield></datafield><datafield tag="024" ind1="7" ind2=" "><subfield code="a">10.1111/j.1365-2427.2011.02600.x</subfield><subfield code="2">doi</subfield></datafield><datafield tag="035" ind1=" " ind2=" "><subfield code="a">agid:382716-01nal_inst</subfield></datafield><datafield tag="040" ind1=" " ind2=" "><subfield code="a">AGL</subfield><subfield code="b">eng</subfield><subfield code="c">AGL</subfield></datafield><datafield tag="100" ind1="1" ind2=" "><subfield code="a">VANSCHOENWINKEL, BRAM</subfield></datafield><datafield tag="245" ind1="1" ind2="0"><subfield code="a">Passive external transport of freshwater invertebrates by elephant and other mud-wallowing mammals in an African savannah habitat</subfield></datafield><datafield tag="300" ind1=" " ind2=" "><subfield code="a">p. 1606-1619.</subfield></datafield><datafield tag="500" ind1=" " ind2=" "><subfield code="a">Includes references</subfield></datafield><datafield tag="520" ind1=" " ind2=" "><subfield code="a">1. Recent findings hint at the potential importance of mammals affecting the spatial dynamics of aquatic organisms in areas where mammals live in close association with water. Perhaps the most iconic example of such an environment is the African savannah. 2. We investigated dispersal patterns of freshwater organisms among a set of temporary ponds in SE Zimbabwe to test the hypothesis that large mammals, and particularly African elephants (Loxodonta africana), can be important vectors of aquatic organisms. Dispersal kernels were reconstructed by hatching mud collected from ‘rubbing' trees located at increasing distances from a set of isolated ponds. To assess the relative importance of other mammalian vectors, the vertical distribution of mud on rubbing trees was mapped and related to the body size of candidate vector species. 3. Laboratory hatching of mud samples revealed large numbers of propagules of 22 invertebrate taxa as well as some aquatic macrophytes. Dispersing communities reflected source communities and diverged with increasing distance from the source. Both dispersal rates and richness of transported taxa decreased significantly with dispersal distance. No indications for differences in dispersal capacity among propagule types were detected. Instead, common propagules were more likely to travel greater distances. Most mud was attached to trees at heights &gt;1.5 m, implicating elephants as the dominant vector. Vertical distributions of tree mud, however, also revealed clustering at heights up to 50 cm and 90-120 cm corresponding to the height of warthog, rhinoceros and buffalo, respectively. Finally, variation in the vertical distribution of mud on trees in combination with differences in vector vagility suggests that local differences in vector species composition may affect passive dispersal dynamics of aquatic organisms. 4. Based on vagility and vector load, mud-wallowing mammals emerge as highly effective vectors that, in some areas, may be more important in transporting aquatic organisms than traditionally recognised vectors such as waterbirds. Since most large- and medium-sized mammals currently have restricted geographic distributions, it is likely that mammal-mediated dispersal was more important in the past.</subfield></datafield><datafield tag="593" ind1=" " ind2=" "><subfield code="a">PubAg article</subfield></datafield><datafield tag="650" ind1=" " ind2="3"><subfield code="a">Loxodonta africana</subfield></datafield><datafield tag="650" ind1=" " ind2="3"><subfield code="a">Phacochoerus aethiopicus</subfield></datafield><datafield tag="650" ind1=" " ind2="3"><subfield code="a">aquatic invertebrates</subfield></datafield><datafield tag="650" ind1=" " ind2="3"><subfield code="a">body size</subfield></datafield><datafield tag="650" ind1=" " ind2="3"><subfield code="a">buffaloes</subfield></datafield><datafield tag="650" ind1=" " ind2="3"><subfield code="a">freshwater</subfield></datafield><datafield tag="650" ind1=" " ind2="3"><subfield code="a">geographical distribution</subfield></datafield><datafield tag="650" ind1=" " ind2="3"><subfield code="a">habitats</subfield></datafield><datafield tag="650" ind1=" " ind2="3"><subfield code="a">hatching</subfield></datafield><datafield tag="650" ind1=" " ind2="3"><subfield code="a">macrophytes</subfield></datafield><datafield tag="650" ind1=" " ind2="3"><subfield code="a">ponds</subfield></datafield><datafield tag="650" ind1=" " ind2="3"><subfield code="a">savannas</subfield></datafield><datafield tag="650" ind1=" " ind2="3"><subfield code="a">species diversity</subfield></datafield><datafield tag="650" ind1=" " ind2="3"><subfield code="a">trees</subfield></datafield><datafield tag="650" ind1=" " ind2="3"><subfield code="a">water birds</subfield></datafield><datafield tag="651" ind1=" " ind2="3"><subfield code="a">Zimbabwe</subfield></datafield><datafield tag="700" ind1="1" ind2=" "><subfield code="a">WATERKEYN, ALINE</subfield></datafield><datafield tag="700" ind1="1" ind2=" "><subfield code="a">NHIWATIWA, TAMUKA</subfield></datafield><datafield tag="700" ind1="1" ind2=" "><subfield code="a">PINCEEL, TOM</subfield></datafield><datafield tag="700" ind1="1" ind2=" "><subfield code="a">SPOOREN, ELIEN</subfield></datafield><datafield tag="700" ind1="1" ind2=" "><subfield code="a">GEERTS, AURORA</subfield></datafield><datafield tag="700" ind1="1" ind2=" "><subfield code="a">CLEGG, BRUCE</subfield></datafield><datafield tag="700" ind1="1" ind2=" "><subfield code="a">BRENDONCK, LUC</subfield></datafield><datafield tag="773" ind1="0" ind2=" "><subfield code="t">Freshwater biology.</subfield><subfield code="g">2011 Aug., v. 56, no. 8 p.1606-1619</subfield><subfield code="d">Blackwell Publishing Ltd</subfield><subfield code="x">0046-5070</subfield><subfield code="7">nnas</subfield></datafield><datafield tag="787" ind1="1" ind2=" "><subfield code="o">islandora_article_repository</subfield></datafield><datafield tag="787" ind1="1" ind2=" "><subfield code="o">product_pubag</subfield></datafield><datafield tag="787" ind1="1" ind2=" "><subfield code="o">(Journal)jnl1839</subfield></datafield><datafield tag="852" ind1=" " ind2=" "><subfield code="a">DNAL</subfield></datafield><datafield tag="856" ind1="4" ind2="0"><subfield code="u">http://dx.doi.org/10.1111/j.1365-2427.2011.02600.x</subfield><subfield code="3">Available from publisher's Web site</subfield></datafield><datafield tag="912" ind1=" " ind2=" "><subfield code="a">Article</subfield></datafield><datafield tag="914" ind1=" " ind2=" "><subfield code="a">Journal:jnl1839</subfield><subfield code="b">0046-5070</subfield><subfield code="c">56</subfield><subfield code="d">8</subfield><subfield code="e">1606</subfield></datafield><datafield tag="914" ind1=" " ind2=" "><subfield code="f">Freshwater biology</subfield></datafield><datafield tag="917" ind1=" " ind2=" "><subfield code="a">issued</subfield></datafield><datafield tag="935" ind1=" " ind2=" "><subfield code="a">IND44598269</subfield><subfield code="9">ExL</subfield></datafield><datafield tag="949" ind1=" " ind2=" "><subfield code="a">2014-08-14</subfield></datafield><datafield tag="962" ind1=" " ind2=" "><subfield code="a">Batch:608 annotated on 2014-06-27T11:48:32Z</subfield></datafield><datafield tag="962" ind1=" " ind2=" "><subfield code="a">Batch:608 reviewed on 2014-08-14T11:12:12Z</subfield></datafield><datafield tag="962" ind1=" " ind2=" "><subfield code="a">Batch:608 reviewed on 2014-08-14T16:00:02Z</subfield></datafield><datafield tag="974" ind1=" " ind2=" "><subfield code="a">agid:382716</subfield></datafield><datafield tag="984" ind1=" " ind2=" "><subfield code="a">2011-07-08</subfield></datafield><datafield tag="985" ind1=" " ind2=" "><subfield code="a">Converted from MARCXML to MODS version 3.4 using MARC21slim2MODS3-4.xsl (Revision 1.94 2014/02/21)</subfield></datafield><datafield tag="986" ind1=" " ind2=" "><subfield code="a">4598269</subfield></datafield></record>