<record><leader>03575nab a2200553 u 4500</leader><controlfield tag="001">9915900636007426</controlfield><controlfield tag="005">20221116215924.0</controlfield><controlfield tag="008">110708s2011 xx |||||o|||||||||||eng||</controlfield><datafield tag="" ind1="7" ind2=" "><subfield code="a">IND44597777</subfield><subfield code="2">DNAL</subfield></datafield><datafield tag="024" ind1="7" ind2=" "><subfield code="a">10.1111/j.1744-7429.2010.00712.x</subfield><subfield code="2">doi</subfield></datafield><datafield tag="035" ind1=" " ind2=" "><subfield code="a">agid:382692-01nal_inst</subfield></datafield><datafield tag="040" ind1=" " ind2=" "><subfield code="a">AGL</subfield><subfield code="b">eng</subfield><subfield code="c">AGL</subfield></datafield><datafield tag="100" ind1="1" ind2=" "><subfield code="a">Balvanera, Patricia</subfield></datafield><datafield tag="245" ind1="1" ind2="0"><subfield code="a">Distribution Patterns of Tropical Dry Forest Trees Along a Mesoscale Water Availability Gradient</subfield></datafield><datafield tag="300" ind1=" " ind2=" "><subfield code="a">p. 414-422.</subfield></datafield><datafield tag="500" ind1=" " ind2=" "><subfield code="a">Includes references</subfield></datafield><datafield tag="520" ind1=" " ind2=" "><subfield code="a">Tropical dry forests (TDFs) host a large diversity of tree species but little is known of potential mechanisms that contribute to its maintenance. Given the paramount importance of water availability in such forests, tree species would be expected to show nonrandom patterns along water availability gradients, as well as differential individual species responses. In this work we explored whether that was true for 50 dominant tree species. Within a total area of 5.2 ha, divided into 26 transects each with ten 20 × 10 m plots, we registered presence-absence of these tree species with diameter at breast height ≥5 cm. We assessed the response of trees to four environmental variables differentially related to water availability in three steps: (1) identifying the shape of the response to individual environmental variables, (2) testing for artifacts in previous patterns due to spatial autocorrelation of presence-absence, and (3) identifying the environmental variable or combination of variables that best explained the pattern. We then classified the species with respect to their probability of occurrence along the gradient, and explored which components of the water cycle were likely to be driving the observed patterns. We found that 14 species were generalists, 16 drought tolerant, 9 intermediate, 3 water demanding and 8 showed mixed responses. Lateral flow and access to ground water most likely underlie such patterns. Our results confirm the key role played by water availability in tree species distribution. Water-related niche differentiation seems to be crucial for maintaining the high diversity of this TDF. Abstract in Spanish is available at http://www.blackwell-synergy.com/loi/btp.</subfield></datafield><datafield tag="593" ind1=" " ind2=" "><subfield code="a">PubAg article</subfield></datafield><datafield tag="650" ind1=" " ind2="3"><subfield code="a">autocorrelation</subfield></datafield><datafield tag="650" ind1=" " ind2="3"><subfield code="a">biogeography</subfield></datafield><datafield tag="650" ind1=" " ind2="3"><subfield code="a">drought tolerance</subfield></datafield><datafield tag="650" ind1=" " ind2="3"><subfield code="a">dry forests</subfield></datafield><datafield tag="650" ind1=" " ind2="3"><subfield code="a">environmental factors</subfield></datafield><datafield tag="650" ind1=" " ind2="3"><subfield code="a">forest trees</subfield></datafield><datafield tag="650" ind1=" " ind2="3"><subfield code="a">groundwater</subfield></datafield><datafield tag="650" ind1=" " ind2="3"><subfield code="a">hydrologic cycle</subfield></datafield><datafield tag="650" ind1=" " ind2="3"><subfield code="a">probability</subfield></datafield><datafield tag="650" ind1=" " ind2="3"><subfield code="a">tree and stand measurements</subfield></datafield><datafield tag="700" ind1="1" ind2=" "><subfield code="a">Quijas, Sandra</subfield></datafield><datafield tag="700" ind1="1" ind2=" "><subfield code="a">Pérez-Jiménez, Alfredo</subfield></datafield><datafield tag="773" ind1="0" ind2=" "><subfield code="t">Biotropica.</subfield><subfield code="g">2011 July, v. 43, no. 4 p.414-422</subfield><subfield code="d">Blackwell Publishing Inc</subfield><subfield code="x">0006-3606</subfield><subfield code="7">nnas</subfield></datafield><datafield tag="787" ind1="1" ind2=" "><subfield code="o">islandora_article_repository</subfield></datafield><datafield tag="787" ind1="1" ind2=" "><subfield code="o">product_pubag</subfield></datafield><datafield tag="787" ind1="1" ind2=" "><subfield code="o">(Journal)jnl45461</subfield></datafield><datafield tag="852" ind1=" " ind2=" "><subfield code="a">DNAL</subfield></datafield><datafield tag="856" ind1="4" ind2="0"><subfield code="u">http://dx.doi.org/10.1111/j.1744-7429.2010.00712.x</subfield><subfield code="3">Available from publisher's Web site</subfield></datafield><datafield tag="912" ind1=" " ind2=" "><subfield code="a">Article</subfield></datafield><datafield tag="914" ind1=" " ind2=" "><subfield code="a">Journal:jnl45461</subfield><subfield code="b">0006-3606</subfield><subfield code="c">43</subfield><subfield code="d">4</subfield><subfield code="e">414</subfield></datafield><datafield tag="914" ind1=" " ind2=" "><subfield code="f">Biotropica</subfield></datafield><datafield tag="917" ind1=" " ind2=" "><subfield code="a">issued</subfield></datafield><datafield tag="935" ind1=" " ind2=" "><subfield code="a">IND44597777</subfield><subfield code="9">ExL</subfield></datafield><datafield tag="949" ind1=" " ind2=" "><subfield code="a">2014-07-22</subfield></datafield><datafield tag="962" ind1=" " ind2=" "><subfield code="a">Batch:575 annotated on 2014-06-11T07:22:37Z</subfield></datafield><datafield tag="962" ind1=" " ind2=" "><subfield code="a">Batch:575 reviewed on 2014-07-22T08:52:51Z</subfield></datafield><datafield tag="962" ind1=" " ind2=" "><subfield code="a">Batch:575 reviewed on 2014-07-22T09:42:08Z</subfield></datafield><datafield tag="974" ind1=" " ind2=" "><subfield code="a">agid:382692</subfield></datafield><datafield tag="984" ind1=" " ind2=" "><subfield code="a">2011-07-08</subfield></datafield><datafield tag="985" ind1=" " ind2=" "><subfield code="a">Converted from MARCXML to MODS version 3.4 using MARC21slim2MODS3-4.xsl (Revision 1.94 2014/02/21)</subfield></datafield><datafield tag="986" ind1=" " ind2=" "><subfield code="a">4597777</subfield></datafield></record>