<record><leader>04078nab a2200733 u 4500</leader><controlfield tag="001">9915900694307426</controlfield><controlfield tag="005">20221116220427.0</controlfield><controlfield tag="008">190314e201902 xx |||||o|||||||||||eng||</controlfield><datafield tag="" ind1="7" ind2=" "><subfield code="a">IND606273180</subfield><subfield code="2">DNAL</subfield></datafield><datafield tag="024" ind1="7" ind2=" "><subfield code="a">10.1007/s10661-019-7187-8</subfield><subfield code="2">doi</subfield></datafield><datafield tag="035" ind1=" " ind2=" "><subfield code="a">agid:6273180-01nal_inst</subfield></datafield><datafield tag="040" ind1=" " ind2=" "><subfield code="a">AGL</subfield><subfield code="b">eng</subfield><subfield code="c">AGL</subfield></datafield><datafield tag="100" ind1="1" ind2=" "><subfield code="a">Glasby, Macklin J.</subfield><subfield code="e">author</subfield><subfield code="u">Department of Forest Resources, University of Minnesota, 1530 Cleveland Ave. N, St. Paul, MN, 55108, USA</subfield></datafield><datafield tag="245" ind1="1" ind2="0"><subfield code="a">Analyzing the impacts of forest disturbance on individual tree diameter increment across the US Lake States</subfield></datafield><datafield tag="300" ind1=" " ind2=" "><subfield code="a">p. 56.</subfield></datafield><datafield tag="520" ind1=" " ind2=" "><subfield code="a">Disturbances play a critical role in forest ecosystem dynamics. Disturbances cause changes in forest structure which in turn influence the species composition of the site and alter landscape patterns over time. The impacts of disturbance are seen over a broad spectrum of spatial scales and varying intensities, ranging from biotic agents such as insect and leaf disease outbreaks to abiotic agents such as a windstorm (a stand-replacing disturbance). This study utilized Forest Inventory and Analysis (FIA) data collected between 1999 and 2014 in the US Lake States (Michigan, Minnesota, and Wisconsin) to examine the impacts that disturbances have on the growth of residual trees using species-specific diameter increment equations. Results showed that animal and weather damage were the most common disturbance agents and fires were the least common in the region. Results also indicated that while the diameter increment equations performed well on average (overprediction of 0.08 ± 1.98 cm/10 years in non-disturbed stands), when the data were analyzed by species and disturbance agent, the model equation was rarely validated using equivalence tests (underprediction of 0.30 ± 2.24 cm/10 years in non-disturbed stands). This study highlights the importance of monitoring forest disturbances for their impacts on forest growth and yield.</subfield></datafield><datafield tag="592" ind1=" " ind2=" "><subfield code="a">Publisher supplied data</subfield></datafield><datafield tag="593" ind1=" " ind2=" "><subfield code="a">PubAg article</subfield></datafield><datafield tag="596" ind1=" " ind2=" "><subfield code="a">MIN-42-063</subfield><subfield code="c">Minnesota Agricultural Experiment Station</subfield></datafield><datafield tag="650" ind1=" " ind2="3"><subfield code="a">animals</subfield></datafield><datafield tag="650" ind1=" " ind2="3"><subfield code="a">data analysis</subfield></datafield><datafield tag="650" ind1=" " ind2="3"><subfield code="a">data collection</subfield></datafield><datafield tag="650" ind1=" " ind2="3"><subfield code="a">disease outbreaks</subfield></datafield><datafield tag="650" ind1=" " ind2="3"><subfield code="a">equations</subfield></datafield><datafield tag="650" ind1=" " ind2="3"><subfield code="a">fires</subfield></datafield><datafield tag="650" ind1=" " ind2="3"><subfield code="a">foliar diseases</subfield></datafield><datafield tag="650" ind1=" " ind2="3"><subfield code="a">forest damage</subfield></datafield><datafield tag="650" ind1=" " ind2="3"><subfield code="a">forest growth</subfield></datafield><datafield tag="650" ind1=" " ind2="3"><subfield code="a">forest inventory</subfield></datafield><datafield tag="650" ind1=" " ind2="3"><subfield code="a">forests</subfield></datafield><datafield tag="650" ind1=" " ind2="3"><subfield code="a">insects</subfield></datafield><datafield tag="650" ind1=" " ind2="3"><subfield code="a">lakes</subfield></datafield><datafield tag="650" ind1=" " ind2="3"><subfield code="a">landscapes</subfield></datafield><datafield tag="650" ind1=" " ind2="3"><subfield code="a">models</subfield></datafield><datafield tag="650" ind1=" " ind2="3"><subfield code="a">monitoring</subfield></datafield><datafield tag="650" ind1=" " ind2="3"><subfield code="a">species diversity</subfield></datafield><datafield tag="650" ind1=" " ind2="3"><subfield code="a">tree and stand measurements</subfield></datafield><datafield tag="650" ind1=" " ind2="3"><subfield code="a">trees</subfield></datafield><datafield tag="650" ind1=" " ind2="3"><subfield code="a">weather</subfield></datafield><datafield tag="651" ind1=" " ind2="3"><subfield code="a">Michigan</subfield></datafield><datafield tag="651" ind1=" " ind2="3"><subfield code="a">Minnesota</subfield></datafield><datafield tag="651" ind1=" " ind2="3"><subfield code="a">Wisconsin</subfield></datafield><datafield tag="700" ind1="1" ind2=" "><subfield code="a">Russell, Matthew B.</subfield><subfield code="e">author</subfield><subfield code="u">Department of Forest Resources, University of Minnesota, 1530 Cleveland Ave. N, St. Paul, MN, 55108, USA. russellm@umn.edu</subfield><subfield code="1">https://orcid.org/0000-0002-7044-9650</subfield></datafield><datafield tag="700" ind1="1" ind2=" "><subfield code="a">Domke, Grant M.</subfield><subfield code="e">author</subfield><subfield code="u">USDA Forest Service, Northern Research Station, 1992 Folwell Ave, St. Paul, MN, 55108, USA</subfield></datafield><datafield tag="773" ind1="0" ind2=" "><subfield code="t">Environmental monitoring and assessment.</subfield><subfield code="g">2019 Feb., v. 191, no. 2 p.56-56</subfield><subfield code="d">Springer International Publishing</subfield><subfield code="w">Journal:jnl33242</subfield><subfield code="x">7-6369</subfield><subfield code="7">nnas</subfield></datafield><datafield tag="787" ind1="1" ind2=" "><subfield code="o">islandora_article_repository</subfield></datafield><datafield tag="787" ind1="1" ind2=" "><subfield code="o">product_pubag</subfield></datafield><datafield tag="787" ind1="1" ind2=" "><subfield code="o">(Journal)jnl33242</subfield></datafield><datafield tag="856" ind1="4" ind2="0"><subfield code="u">https://dx.doi.org/10.1007/s10661-019-7187-8</subfield><subfield code="3">Available from publisher's site</subfield></datafield><datafield tag="912" ind1=" " ind2=" "><subfield code="a">Article</subfield></datafield><datafield tag="914" ind1=" " ind2=" "><subfield code="a">Journal:jnl33242</subfield><subfield code="b">7-6369</subfield><subfield code="c">191</subfield><subfield code="d">2</subfield><subfield code="e">56</subfield></datafield><datafield tag="914" ind1=" " ind2=" "><subfield code="f">Environmental monitoring and assessment</subfield></datafield><datafield tag="916" ind1=" " ind2=" "><subfield code="a">Batch:2155</subfield></datafield><datafield tag="917" ind1=" " ind2=" "><subfield code="a">issued</subfield></datafield><datafield tag="918" ind1="2" ind2=" "><subfield code="a">Springer</subfield><subfield code="e">provider</subfield><subfield code="5">DNAL</subfield></datafield><datafield tag="935" ind1=" " ind2=" "><subfield code="a">IND606273180</subfield><subfield code="9">ExL</subfield></datafield><datafield tag="949" ind1=" " ind2=" "><subfield code="a">2019-03-14</subfield></datafield><datafield tag="953" ind1=" " ind2=" "><subfield code="a">/data/metadata/incoming/springer/ftp_PUB_19-03-05_08-32-02.zip</subfield></datafield><datafield tag="954" ind1=" " ind2=" "><subfield code="a">file:/data/metadata/staging/springer/10661-191-2.xml</subfield></datafield><datafield tag="955" ind1=" " ind2=" "><subfield code="a">/data/metadata/staging/springer/</subfield></datafield><datafield tag="961" ind1=" " ind2=" "><subfield code="a">USDA/FS</subfield></datafield><datafield tag="974" ind1=" " ind2=" "><subfield code="a">agid:6273180</subfield></datafield><datafield tag="983" ind1=" " ind2=" "><subfield code="a">2019-03-14</subfield></datafield><datafield tag="984" ind1=" " ind2=" "><subfield code="a">2019-03-14</subfield></datafield></record>