<record><leader>05243nab a2200769 u 4500</leader><controlfield tag="001">9915900970007426</controlfield><controlfield tag="005">20221116220525.0</controlfield><controlfield tag="008">190411e201309 xx |||||o|||||||||||eng||</controlfield><datafield tag="" ind1="7" ind2=" "><subfield code="a">IND600828340</subfield><subfield code="2">DNAL</subfield></datafield><datafield tag="024" ind1="7" ind2=" "><subfield code="a">23643970</subfield><subfield code="2">pmid</subfield></datafield><datafield tag="024" ind1="7" ind2=" "><subfield code="a">10.1/j.ympev.2013.04.018</subfield><subfield code="2">doi</subfield></datafield><datafield tag="035" ind1=" " ind2=" "><subfield code="a">agid:828340-01nal_inst</subfield></datafield><datafield tag="040" ind1=" " ind2=" "><subfield code="a">AGL</subfield><subfield code="b">eng</subfield><subfield code="c">AGL</subfield></datafield><datafield tag="100" ind1="1" ind2=" "><subfield code="a">Sousa-Neves, Tiago</subfield><subfield code="e">author</subfield><subfield code="u">CIBIO/UP, Centro de Investigação em Biodiversidade e Recursos Genéticos da Universidade do Porto, InBIO Laboratório Associado, Campus Agrário de Vairão, 4485-661 Vairão, Portugal</subfield></datafield><datafield tag="245" ind1="1" ind2="0"><subfield code="a">Cryptic patterns of diversification of a widespread Amazonian Woodcreeper species complex (Aves: Dendrocolaptidae) inferred from multilocus phylogenetic analysis: Implications for historical biogeography and taxonomy</subfield></datafield><datafield tag="300" ind1=" " ind2=" "><subfield code="a">p. 410-424.</subfield></datafield><datafield tag="520" ind1=" " ind2=" "><subfield code="a">Inferring evolutionary relationships between recently diverged taxa is still challenging, especially taking into account the likely occurrence of incomplete lineage sorting and/or introgression. The Xiphorhynchus pardalotus/ocellatus species complex includes between two to three polytypic species and eight to nine subspecies distributed throughout most of lowland Amazonia and the foothills of the eastern Andes. To understand its historical diversification and address the main unsettled issues of phylogenetic relationships and taxonomy, we apply several approaches using data from two mitochondrial (Cyt b and ND2) and three nuclear genes (β-fibint7, CPZint3 and CRYAAint1) for all described species and most subspecies of this complex. We compared single gene trees with a multilocus concatenated tree and Bayesian species tree inferred under a coalescent framework (*BEAST). Our results showed a general pattern of incongruence among gene trees and multilocus trees. Despite of this, the coalescent-based species tree analysis supports the sister-taxa relationship of X. ocellatus and X. chunchotambo, while X. pardalotus comes out as the basal taxon. With exception of the last, our results revealed within both X. ocellatus and X. chunchotambo high levels of genetic differentiation (p-distances 0.5–5.5%) with well-supported lineages. Our phylogenetic analyses showed several incongruences with current subspecies taxonomy, revealing that X. o. ocellatus is paraphyletic relative to X. o. perplexus, and the currently recognized subspecies X. c. napensis corresponds to two distinct evolutionary lineages, which are not supported as sister-lineages. In addition, the deep level of genetic divergence between X. o. beauperthuysii and the extant subspecies of X. ocellatus is more consistent with species-level differences found in this complex. Divergence time estimates were consistent with a historical scenario of intense population subdivision and speciation during the Early-mid Pleistocene. The spatial pattern and timing of diversification overlap broadly with that reported for other Amazonian vertebrate lineages.</subfield></datafield><datafield tag="592" ind1=" " ind2=" "><subfield code="a">Publisher supplied data</subfield></datafield><datafield tag="593" ind1=" " ind2=" "><subfield code="a">PubAg article</subfield></datafield><datafield tag="650" ind1=" " ind2="3"><subfield code="a">Xiphorhynchus</subfield></datafield><datafield tag="650" ind1=" " ind2="3"><subfield code="a">biogeography</subfield></datafield><datafield tag="650" ind1=" " ind2="3"><subfield code="a">founder effect</subfield></datafield><datafield tag="650" ind1=" " ind2="3"><subfield code="a">genes</subfield></datafield><datafield tag="650" ind1=" " ind2="3"><subfield code="a">genetic variation</subfield></datafield><datafield tag="650" ind1=" " ind2="3"><subfield code="a">introgression</subfield></datafield><datafield tag="650" ind1=" " ind2="3"><subfield code="a">paraphyly</subfield></datafield><datafield tag="650" ind1=" " ind2="3"><subfield code="a">taxonomy</subfield></datafield><datafield tag="650" ind1=" " ind2="3"><subfield code="a">vertebrates</subfield></datafield><datafield tag="650" ind1=" " ind2="2"><subfield code="a">Animals</subfield></datafield><datafield tag="650" ind1=" " ind2="2"><subfield code="a">Biodiversity</subfield></datafield><datafield tag="650" ind1=" " ind2="2"><subfield code="a">DNA, Mitochondrial</subfield><subfield code="x">genetics</subfield></datafield><datafield tag="650" ind1=" " ind2="2"><subfield code="a">Evolution, Molecular</subfield></datafield><datafield tag="650" ind1=" " ind2="2"><subfield code="a">Genetic Variation</subfield></datafield><datafield tag="650" ind1=" " ind2="2"><subfield code="a">Multilocus Sequence Typing</subfield></datafield><datafield tag="650" ind1=" " ind2="2"><subfield code="a">Passeriformes</subfield><subfield code="x">classification</subfield><subfield code="x">genetics</subfield></datafield><datafield tag="650" ind1=" " ind2="2"><subfield code="a">Phylogeny</subfield></datafield><datafield tag="650" ind1=" " ind2="2"><subfield code="a">Phylogeography</subfield></datafield><datafield tag="651" ind1=" " ind2="3"><subfield code="a">Amazonia</subfield></datafield><datafield tag="651" ind1=" " ind2="3"><subfield code="a">Andes region</subfield></datafield><datafield tag="653" ind1=" " ind2="0"><subfield code="a">Amazon</subfield></datafield><datafield tag="653" ind1=" " ind2="0"><subfield code="a">Coalescent</subfield></datafield><datafield tag="653" ind1=" " ind2="0"><subfield code="a">Phylogeny</subfield></datafield><datafield tag="653" ind1=" " ind2="0"><subfield code="a">Phylogeography</subfield></datafield><datafield tag="653" ind1=" " ind2="0"><subfield code="a">Multilocus</subfield></datafield><datafield tag="653" ind1=" " ind2="0"><subfield code="a">Taxonomy</subfield></datafield><datafield tag="653" ind1=" " ind2="0"><subfield code="a">Xiphorhynchus ocellatus/pardalotus complex</subfield></datafield><datafield tag="700" ind1="1" ind2=" "><subfield code="a">Aleixo, Alexandre</subfield><subfield code="e">author</subfield><subfield code="u">Department of Biological Sciences, and Museum of Natural Science, Louisiana State University, Baton Rouge, LA 70803-3216, USA</subfield></datafield><datafield tag="700" ind1="1" ind2=" "><subfield code="a">Sequeira, Fernando</subfield><subfield code="e">author</subfield><subfield code="u">CIBIO/UP, Centro de Investigação em Biodiversidade e Recursos Genéticos da Universidade do Porto, InBIO Laboratório Associado, Campus Agrário de Vairão, 4485-661 Vairão, Portugal</subfield></datafield><datafield tag="773" ind1="0" ind2=" "><subfield code="t">Molecular phylogenetics and evolution.</subfield><subfield code="g">2013 Sept., v. 68, no. 3 p.410-424</subfield><subfield code="d">Elsevier Inc.</subfield><subfield code="w">Journal:jnl3945168</subfield><subfield code="x">1055-7903</subfield><subfield code="7">nnas</subfield></datafield><datafield tag="787" ind1="1" ind2=" "><subfield code="o">islandora_article_repository</subfield></datafield><datafield tag="787" ind1="1" ind2=" "><subfield code="o">product_pubag</subfield></datafield><datafield tag="787" ind1="1" ind2=" "><subfield code="o">(Journal)jnl3945168</subfield></datafield><datafield tag="856" ind1="4" ind2="0"><subfield code="u">https://dx.doi.org/10.1/j.ympev.2013.04.018</subfield><subfield code="3">Available from publisher's site</subfield></datafield><datafield tag="912" ind1=" " ind2=" "><subfield code="a">Article</subfield></datafield><datafield tag="914" ind1=" " ind2=" "><subfield code="a">Journal:jnl3945168</subfield><subfield code="b">1055-7903</subfield><subfield code="c">68</subfield><subfield code="d">3</subfield><subfield code="e">410</subfield></datafield><datafield tag="914" ind1=" " ind2=" "><subfield code="f">Molecular phylogenetics and evolution</subfield></datafield><datafield tag="916" ind1=" " ind2=" "><subfield code="a">Batch:797</subfield></datafield><datafield tag="917" ind1=" " ind2=" "><subfield code="a">issued</subfield></datafield><datafield tag="918" ind1="2" ind2=" "><subfield code="a">Elsevier Consyn</subfield><subfield code="e">provider</subfield><subfield code="5">DNAL</subfield></datafield><datafield tag="935" ind1=" " ind2=" "><subfield code="a">IND600828340</subfield><subfield code="9">ExL</subfield></datafield><datafield tag="949" ind1=" " ind2=" "><subfield code="a">2019-04-11</subfield></datafield><datafield tag="953" ind1=" " ind2=" "><subfield code="a" >/data/metadata/incoming/consyn-backfiles/46-2-00093-HEAD-ONLY.zip</subfield></datafield><datafield tag="954" ind1=" " ind2=" "><subfield code="a" >file:/data/metadata/staging/consyn-backfiles/S1055790313001760.xml</subfield></datafield><datafield tag="955" ind1=" " ind2=" "><subfield code="a">/data/metadata/staging/consyn-backfiles/</subfield></datafield><datafield tag="974" ind1=" " ind2=" "><subfield code="a">agid:828340</subfield></datafield><datafield tag="983" ind1=" " ind2=" "><subfield code="a">2019-04-11</subfield></datafield><datafield tag="984" ind1=" " ind2=" "><subfield code="a">2019-04-11</subfield></datafield></record>