<record><leader>04282nab a2200793 u 4500</leader><controlfield tag="001">9915901060807426</controlfield><controlfield tag="005">20221116141814.0</controlfield><controlfield tag="008">190411e201304 xx |||||o|||||||||||eng||</controlfield><datafield tag="" ind1="7" ind2=" "><subfield code="a">IND600828253</subfield><subfield code="2">DNAL</subfield></datafield><datafield tag="024" ind1="7" ind2=" "><subfield code="a">23353071</subfield><subfield code="2">pmid</subfield></datafield><datafield tag="024" ind1="7" ind2=" "><subfield code="a">10.1/j.ympev.2013.01.009</subfield><subfield code="2">doi</subfield></datafield><datafield tag="035" ind1=" " ind2=" "><subfield code="a">agid:828253-01nal_inst</subfield></datafield><datafield tag="040" ind1=" " ind2=" "><subfield code="a">AGL</subfield><subfield code="b">eng</subfield><subfield code="c">AGL</subfield></datafield><datafield tag="100" ind1="1" ind2=" "><subfield code="a">Wielstra, B.</subfield><subfield code="e">author</subfield><subfield code="u">Naturalis Biodiversity Center, P.O. Box 9517, 2300 RA Leiden, The Netherlands</subfield></datafield><datafield tag="245" ind1="1" ind2="2"><subfield code="a">A multimarker phylogeography of crested newts (Triturus cristatus superspecies) reveals cryptic species</subfield></datafield><datafield tag="300" ind1=" " ind2=" "><subfield code="a">p. 167-175.</subfield></datafield><datafield tag="520" ind1=" " ind2=" "><subfield code="a">The crested newt Triturus cristatus superspecies is composed of five recognized species. One of these, T. karelinii sensu lato, comprises three geographically structured mitochondrial DNA lineages: ‘eastern’, ‘central’ and ‘western T. karelinii’. Genetic divergence among these lineages is comparable to that of recognized crested newt species, but morphologically they are indistinguishable. Here, we conduct a multimarker phylogeographical survey to explore the evolutionary independence of these mitochondrial DNA lineages and we include representatives of the other species to guide our interpretation of the results. All markers show distinct patterns when analyzed singly (as a phylogeny or haplotype network) and none of them sort haplotypes fully in line with species or mitochondrial DNA lineage. A multilocus approach (BAPS and *BEAST) on the other hand shows that not only the recognized species, but also the three mitochondrial DNA lineages represent discrete nuclear DNA gene pools. A mismatch is found in the northwest of Asiatic Turkey, where several populations identified as ‘central T. karelinii’ based on nuclear DNA possesses ‘western T. karelinii’ mitochondrial DNA. We invoke asymmetric mitochondrial DNA introgression to explain this pattern and support this with a historical biogeographical scenario. The three spatial groups in T. karelinii sensu lato should be regarded as distinct species.</subfield></datafield><datafield tag="592" ind1=" " ind2=" "><subfield code="a">Publisher supplied data</subfield></datafield><datafield tag="593" ind1=" " ind2=" "><subfield code="a">PubAg article</subfield></datafield><datafield tag="650" ind1=" " ind2="3"><subfield code="a">gene pool</subfield></datafield><datafield tag="650" ind1=" " ind2="3"><subfield code="a">genetic variation</subfield></datafield><datafield tag="650" ind1=" " ind2="3"><subfield code="a">haplotypes</subfield></datafield><datafield tag="650" ind1=" " ind2="3"><subfield code="a">introgression</subfield></datafield><datafield tag="650" ind1=" " ind2="3"><subfield code="a">mitochondrial DNA</subfield></datafield><datafield tag="650" ind1=" " ind2="3"><subfield code="a">nuclear genome</subfield></datafield><datafield tag="650" ind1=" " ind2="3"><subfield code="a">phylogeny</subfield></datafield><datafield tag="650" ind1=" " ind2="3"><subfield code="a">phylogeography</subfield></datafield><datafield tag="650" ind1=" " ind2="3"><subfield code="a">salamanders and newts</subfield></datafield><datafield tag="650" ind1=" " ind2="3"><subfield code="a">surveys</subfield></datafield><datafield tag="650" ind1=" " ind2="2"><subfield code="a">Animals</subfield></datafield><datafield tag="650" ind1=" " ind2="2"><subfield code="a">Bayes Theorem</subfield></datafield><datafield tag="650" ind1=" " ind2="2"><subfield code="a">Cell Nucleus</subfield><subfield code="x">genetics</subfield></datafield><datafield tag="650" ind1=" " ind2="2"><subfield code="a">DNA, Mitochondrial</subfield><subfield code="x">genetics</subfield></datafield><datafield tag="650" ind1=" " ind2="2"><subfield code="a">Evolution, Molecular</subfield></datafield><datafield tag="650" ind1=" " ind2="2"><subfield code="a">Gene Pool</subfield></datafield><datafield tag="650" ind1=" " ind2="2"><subfield code="a">Genetics, Population</subfield></datafield><datafield tag="650" ind1=" " ind2="2"><subfield code="a">Haplotypes</subfield></datafield><datafield tag="650" ind1=" " ind2="2"><subfield code="a">Models, Genetic</subfield></datafield><datafield tag="650" ind1=" " ind2="2"><subfield code="a">Phylogeny</subfield></datafield><datafield tag="650" ind1=" " ind2="2"><subfield code="a">Phylogeography</subfield></datafield><datafield tag="650" ind1=" " ind2="2"><subfield code="a">Sequence Analysis, DNA</subfield></datafield><datafield tag="650" ind1=" " ind2="2"><subfield code="a">Triturus</subfield><subfield code="x">classification</subfield><subfield code="x">genetics</subfield></datafield><datafield tag="653" ind1=" " ind2="0"><subfield code="a">Historical biogeography</subfield></datafield><datafield tag="653" ind1=" " ind2="0"><subfield code="a">Introgression</subfield></datafield><datafield tag="653" ind1=" " ind2="0"><subfield code="a">Mitochondrial DNA</subfield></datafield><datafield tag="653" ind1=" " ind2="0"><subfield code="a">Nuclear DNA</subfield></datafield><datafield tag="653" ind1=" " ind2="0"><subfield code="a">Species delineation</subfield></datafield><datafield tag="653" ind1=" " ind2="0"><subfield code="a">Species tree</subfield></datafield><datafield tag="700" ind1="1" ind2=" "><subfield code="a">Baird, A.B.</subfield><subfield code="e">author</subfield><subfield code="u">University of Houston – Downtown, 1 Main Street, Houston, TX 77002, USA</subfield></datafield><datafield tag="700" ind1="1" ind2=" "><subfield code="a">Arntzen, J.W.</subfield><subfield code="e">author</subfield><subfield code="u">Naturalis Biodiversity Center, P.O. Box 9517, 2300 RA Leiden, The Netherlands</subfield></datafield><datafield tag="773" ind1="0" ind2=" "><subfield code="t">Molecular phylogenetics and evolution.</subfield><subfield code="g">2013 Apr., v. 67, no. 1 p.167-175</subfield><subfield code="d">Elsevier Inc.</subfield><subfield code="w">Journal:jnl3945168</subfield><subfield code="x">1055-7903</subfield><subfield code="7">nnas</subfield></datafield><datafield tag="787" ind1="1" ind2=" "><subfield code="o">islandora_article_repository</subfield></datafield><datafield tag="787" ind1="1" ind2=" "><subfield code="o">product_pubag</subfield></datafield><datafield tag="787" ind1="1" ind2=" "><subfield code="o">(Journal)jnl3945168</subfield></datafield><datafield tag="856" ind1="4" ind2="0"><subfield code="u">https://dx.doi.org/10.1/j.ympev.2013.01.009</subfield><subfield code="3">Available from publisher's site</subfield></datafield><datafield tag="912" ind1=" " ind2=" "><subfield code="a">Article</subfield></datafield><datafield tag="914" ind1=" " ind2=" "><subfield code="a">Journal:jnl3945168</subfield><subfield code="b">1055-7903</subfield><subfield code="c">67</subfield><subfield code="d">1</subfield><subfield code="e">167</subfield></datafield><datafield tag="914" ind1=" " ind2=" "><subfield code="f">Molecular phylogenetics and evolution</subfield></datafield><datafield tag="916" ind1=" " ind2=" "><subfield code="a">Batch:797</subfield></datafield><datafield tag="917" ind1=" " ind2=" "><subfield code="a">issued</subfield></datafield><datafield tag="918" ind1="2" ind2=" "><subfield code="a">Elsevier Consyn</subfield><subfield code="e">provider</subfield><subfield code="5">DNAL</subfield></datafield><datafield tag="935" ind1=" " ind2=" "><subfield code="a">IND600828253</subfield><subfield code="9">ExL</subfield></datafield><datafield tag="949" ind1=" " ind2=" "><subfield code="a">2019-04-11</subfield></datafield><datafield tag="953" ind1=" " ind2=" "><subfield code="a" >/data/metadata/incoming/consyn-backfiles/46-2-00092-HEAD-ONLY.zip</subfield></datafield><datafield tag="954" ind1=" " ind2=" "><subfield code="a" >file:/data/metadata/staging/consyn-backfiles/S1055790313000286.xml</subfield></datafield><datafield tag="955" ind1=" " ind2=" "><subfield code="a">/data/metadata/staging/consyn-backfiles/</subfield></datafield><datafield tag="974" ind1=" " ind2=" "><subfield code="a">agid:828253</subfield></datafield><datafield tag="983" ind1=" " ind2=" "><subfield code="a">2019-04-11</subfield></datafield><datafield tag="984" ind1=" " ind2=" "><subfield code="a">2019-04-11</subfield></datafield></record>