<record><leader>03496nab a2200637 u 4500</leader><controlfield tag="001">9915901450307426</controlfield><controlfield tag="005">20221116142032.0</controlfield><controlfield tag="008">151116e201404 xx |||||o|||||||||||eng||</controlfield><datafield tag="" ind1="7" ind2=" "><subfield code="a">IND601287748</subfield><subfield code="2">DNAL</subfield></datafield><datafield tag="024" ind1="7" ind2=" "><subfield code="a">10.1644/13-MAMM-A-025</subfield><subfield code="2">doi</subfield></datafield><datafield tag="035" ind1=" " ind2=" "><subfield code="a">agid:1287748-01nal_inst</subfield></datafield><datafield tag="040" ind1=" " ind2=" "><subfield code="a">AGL</subfield><subfield code="b">eng</subfield><subfield code="c">AGL</subfield></datafield><datafield tag="100" ind1="1" ind2=" "><subfield code="a">Stephens, Ryan B.</subfield><subfield code="e">author</subfield><subfield code="u">Wildlife Department, College of Natural Resources, University of Wisconsin Stevens Point, Stevens Point, WI 54481-3897, USA</subfield></datafield><datafield tag="245" ind1="1" ind2="0"><subfield code="a">Habitat associations and assemblages of small mammals in natural plant communities of Wisconsin</subfield></datafield><datafield tag="300" ind1=" " ind2=" "><subfield code="a">p. 404-420.</subfield></datafield><datafield tag="520" ind1=" " ind2=" "><subfield code="a">Determining habitat associations of small mammal species and environmental characteristics important for site occupancy are central to understanding species biology and community organization. Most studies of small mammal communities are done at a local scale and in 1 habitat, overlooking patterns manifest over a heterogeneous landscape. During the summers of 2009 and 2010 we trapped small mammals throughout Wisconsin at 180 sites among 13 natural habitats, capturing 3,261 individuals of 23 taxa. We modeled site occupancy using habitat characteristics for 16 taxa while incorporating imperfect detection and compared small mammal community similarity among habitats. Site variation in tree density, soil moisture regimes, and winter temperatures were the most important variables in describing occupancy of species. With the exception of Zapus hudsonius and Sorex hoyi, occupancy rates of species were not the same across habitats. Species-specific responses to habitat characteristics created distinct natural habitat associations leading to unique and predictable small mammal assemblages. This study demonstrates the importance of sampling across a wide range of environmental gradients and habitats when determining the distribution of species and how communities are organized at a landscape level.</subfield></datafield><datafield tag="592" ind1=" " ind2=" "><subfield code="a">Publisher supplied data</subfield></datafield><datafield tag="593" ind1=" " ind2=" "><subfield code="a">PubAg article</subfield></datafield><datafield tag="650" ind1=" " ind2="3"><subfield code="a">Sorex</subfield></datafield><datafield tag="650" ind1=" " ind2="3"><subfield code="a">Zapus hudsonius</subfield></datafield><datafield tag="650" ind1=" " ind2="3"><subfield code="a">biogeography</subfield></datafield><datafield tag="650" ind1=" " ind2="3"><subfield code="a">habitats</subfield></datafield><datafield tag="650" ind1=" " ind2="3"><subfield code="a">landscapes</subfield></datafield><datafield tag="650" ind1=" " ind2="3"><subfield code="a">plant communities</subfield></datafield><datafield tag="650" ind1=" " ind2="3"><subfield code="a">small mammals</subfield></datafield><datafield tag="650" ind1=" " ind2="3"><subfield code="a">soil water regimes</subfield></datafield><datafield tag="650" ind1=" " ind2="3"><subfield code="a">summer</subfield></datafield><datafield tag="650" ind1=" " ind2="3"><subfield code="a">temperature</subfield></datafield><datafield tag="650" ind1=" " ind2="3"><subfield code="a">trees</subfield></datafield><datafield tag="651" ind1=" " ind2="3"><subfield code="a">Wisconsin</subfield></datafield><datafield tag="653" ind1=" " ind2="0"><subfield code="a">habitat associations</subfield></datafield><datafield tag="653" ind1=" " ind2="0"><subfield code="a">landscape ecology</subfield></datafield><datafield tag="653" ind1=" " ind2="0"><subfield code="a">natural plant communities</subfield></datafield><datafield tag="653" ind1=" " ind2="0"><subfield code="a">occupancy modeling</subfield></datafield><datafield tag="653" ind1=" " ind2="0"><subfield code="a">small mammals</subfield></datafield><datafield tag="653" ind1=" " ind2="0"><subfield code="a">spatial scale</subfield></datafield><datafield tag="653" ind1=" " ind2="0"><subfield code="a">Wisconsin</subfield></datafield><datafield tag="700" ind1="1" ind2=" "><subfield code="a">Anderson, Eric M.</subfield><subfield code="e">author</subfield><subfield code="u">Wildlife Department, College of Natural Resources, University of Wisconsin Stevens Point, Stevens Point, WI 54481-3897, USA</subfield></datafield><datafield tag="773" ind1="0" ind2=" "><subfield code="t">Journal of mammalogy.</subfield><subfield code="g">2014 Apr., v. 95, no. 2 p.404-420</subfield><subfield code="d">American Society of Mammalogists</subfield><subfield code="x">1545-1542</subfield><subfield code="7">nnas</subfield></datafield><datafield tag="787" ind1="1" ind2=" "><subfield code="o">islandora_article_repository</subfield></datafield><datafield tag="787" ind1="1" ind2=" "><subfield code="o">product_pubag</subfield></datafield><datafield tag="787" ind1="1" ind2=" "><subfield code="o">(Journal)11623</subfield></datafield><datafield tag="856" ind1="4" ind2="0"><subfield code="u">http://dx.doi.org/10.1644%2F13-MAMM-A-025</subfield><subfield code="3">Available from publisher's site</subfield></datafield><datafield tag="912" ind1=" " ind2=" "><subfield code="a">Article</subfield></datafield><datafield tag="914" ind1=" " ind2=" "><subfield code="a">Journal:11623</subfield><subfield code="b">1545-1542</subfield><subfield code="c">95</subfield><subfield code="d">2</subfield><subfield code="e">404</subfield></datafield><datafield tag="914" ind1=" " ind2=" "><subfield code="f">Journal of mammalogy</subfield></datafield><datafield tag="916" ind1=" " ind2=" "><subfield code="a">Batch:1366</subfield></datafield><datafield tag="917" ind1=" " ind2=" "><subfield code="a">issued</subfield></datafield><datafield tag="918" ind1="2" ind2=" "><subfield code="a">BioOne</subfield><subfield code="e">provider</subfield><subfield code="5">DNAL</subfield></datafield><datafield tag="935" ind1=" " ind2=" "><subfield code="a">IND601287748</subfield><subfield code="9">ExL</subfield></datafield><datafield tag="949" ind1=" " ind2=" "><subfield code="a">2-07-21</subfield></datafield><datafield tag="953" ind1=" " ind2=" "><subfield code="a">MAMMv95i2-04111519-373983.zip</subfield></datafield><datafield tag="962" ind1=" " ind2=" "><subfield code="a">Batch:1366 reviewed on 2-07-21T04:00:03Z</subfield></datafield><datafield tag="974" ind1=" " ind2=" "><subfield code="a">agid:1287748</subfield></datafield><datafield tag="983" ind1=" " ind2=" "><subfield code="a">2015-11-16</subfield></datafield><datafield tag="984" ind1=" " ind2=" "><subfield code="a">2-07-21</subfield></datafield></record>