<record><leader>05071nab a2200601 u 4500</leader><controlfield tag="001">9915901922007426</controlfield><controlfield tag="005">20221116143801.0</controlfield><controlfield tag="008">150808e20110910xx |||||o|||||||||||eng||</controlfield><datafield tag="" ind1="7" ind2=" "><subfield code="a">IND44757744</subfield><subfield code="2">DNAL</subfield></datafield><datafield tag="024" ind1="7" ind2=" "><subfield code="a">10.1/j.ecolmodel.2011.05.025</subfield><subfield code="2">doi</subfield></datafield><datafield tag="035" ind1=" " ind2=" "><subfield code="a">agid:437758-01nal_inst</subfield></datafield><datafield tag="040" ind1=" " ind2=" "><subfield code="a">AGL</subfield><subfield code="b">eng</subfield><subfield code="c">AGL</subfield></datafield><datafield tag="100" ind1="1" ind2=" "><subfield code="a">Peringer, Alexander</subfield><subfield code="e">author</subfield><subfield code="u">Institute of Landscape Planning and Ecology ILPOE, University of Stuttgart, Keplerstrasse 11, 70174 Stuttgart, Germany; École Polytechnique Fédérale de Lausanne, Ecological Systems Laboratory, Station 2, 1015 Lausanne, Switzerland</subfield></datafield><datafield tag="245" ind1="1" ind2="0"><subfield code="a">Establishment patterns in a secondary tree line ecotone</subfield></datafield><datafield tag="300" ind1=" " ind2=" "><subfield code="a">p. 3120-3131.</subfield></datafield><datafield tag="520" ind1=" " ind2=" "><subfield code="a">On semi-open pre-alpine fen pastures Alder encroachment creates a dynamic mosaic of grassland and woodland, which is rich in ecotones from fen to Carr. The structural diversity in colonisation patterns of Alder on fens suggests a dependency on multiple environmental drivers. Unidirectional progressive ecotone development provides an opportunity to address a current deficit in understanding successional patterns, i.e. process–pattern relationships in a multiple factor regime. We developed an individual-based model of Alder establishment on fen grassland to investigate the dependency of encroachment patterns upon seed production, dispersal distances and safe site availability. The purpose of the model is to provide a causal understanding of establishment patterns of Alder. In the model, all life processes of Alder individuals were parameterised with field data. This allowed us to strictly perform bottom–up simulations and successfully check plausibility by comparing simulated establishment patterns of cohorts with observed ecotone structures. Simulation results show that establishment patterns strongly depend on environmental drivers. Spatial progression of Alder encroachment and width of ecotones, respectively, mainly depend on wind speed during seed dispersal. Dense establishment of Alder leading to community change from fen grassland to Carr, requires windows of opportunity, which are defined by the rare coincidence of widespread dispersal, high seed production and favorable establishment conditions. Life-history traits of Alder (mast year cycle, high seed weight, weak establishment in fen) spatially and temporarily constrain the encroachment process. The structural diversity of long-term encroachment patterns is explained by the event-driven character of encroachment. Modelling individual establishment pathways of seedlings starting from germination revealed an endogenous stochasticity in establishment patterns emerging from low seed densities in the tail of the dispersal function. We conclude an inherent stochastic structure of dispersal-limited tree line ecotones, which limits reconstruction of processes from patterns. In order to describe long-term successional patterns of Alder encroachment at landscape scale, we propose the combination of two concepts: deterministic “patch-movement” of Alder woodland driven by continuous ecotone migration together with rare and stochastic “infiltration” of single Alder trees into open fen grasslands. Conservation management can control predictable “patch-movement” by cutting off maturing saplings around existing Alder woods. But the preservation of the actual large proportion of open grassland in fen pastures from infiltrating Alder seedlings and from the subsequent shift of the pasture to a densely wooded state would require mowing additionally to extensive grazing.</subfield></datafield><datafield tag="592" ind1=" " ind2=" "><subfield code="a">Publisher supplied data</subfield></datafield><datafield tag="593" ind1=" " ind2=" "><subfield code="a">PubAg article</subfield></datafield><datafield tag="650" ind1=" " ind2="3"><subfield code="a">cutting</subfield></datafield><datafield tag="650" ind1=" " ind2="3"><subfield code="a">ecotones</subfield></datafield><datafield tag="650" ind1=" " ind2="3"><subfield code="a">fens</subfield></datafield><datafield tag="650" ind1=" " ind2="3"><subfield code="a">germination</subfield></datafield><datafield tag="650" ind1=" " ind2="3"><subfield code="a">grasslands</subfield></datafield><datafield tag="650" ind1=" " ind2="3"><subfield code="a">grazing</subfield></datafield><datafield tag="650" ind1=" " ind2="3"><subfield code="a">life history</subfield></datafield><datafield tag="650" ind1=" " ind2="3"><subfield code="a">models</subfield></datafield><datafield tag="650" ind1=" " ind2="3"><subfield code="a">mowing</subfield></datafield><datafield tag="650" ind1=" " ind2="3"><subfield code="a">pastures</subfield></datafield><datafield tag="650" ind1=" " ind2="3"><subfield code="a">saplings</subfield></datafield><datafield tag="650" ind1=" " ind2="3"><subfield code="a">seed dispersal</subfield></datafield><datafield tag="650" ind1=" " ind2="3"><subfield code="a">seedlings</subfield></datafield><datafield tag="650" ind1=" " ind2="3"><subfield code="a">treeline</subfield></datafield><datafield tag="650" ind1=" " ind2="3"><subfield code="a">wind speed</subfield></datafield><datafield tag="700" ind1="1" ind2=" "><subfield code="a">Rosenthal, Gert</subfield><subfield code="e">author</subfield><subfield code="u">Institute of Vegetation Ecology ASL, University of Kassel, Kassel, Germany</subfield></datafield><datafield tag="773" ind1="0" ind2=" "><subfield code="t">Ecological modelling.</subfield><subfield code="g">2011 Sept. 10, v. 222, no. 17 p.3120-3131</subfield><subfield code="d">Elsevier B.V.</subfield><subfield code="x">0304-3800</subfield><subfield code="7">nnas</subfield></datafield><datafield tag="787" ind1="1" ind2=" "><subfield code="o">islandora_article_repository</subfield></datafield><datafield tag="787" ind1="1" ind2=" "><subfield code="o">product_pubag</subfield></datafield><datafield tag="787" ind1="1" ind2=" "><subfield code="o">(Journal)jnl6191</subfield></datafield><datafield tag="856" ind1="4" ind2="0"><subfield code="u">http://dx.doi.org/10.1/j.ecolmodel.2011.05.025</subfield><subfield code="3">Available from publisher's site</subfield></datafield><datafield tag="912" ind1=" " ind2=" "><subfield code="a">Article</subfield></datafield><datafield tag="914" ind1=" " ind2=" "><subfield code="a">Journal:jnl6191</subfield><subfield code="b">0304-3800</subfield><subfield code="c">222</subfield><subfield code="d">17</subfield><subfield code="e">3120</subfield></datafield><datafield tag="914" ind1=" " ind2=" "><subfield code="f">Ecological modelling</subfield></datafield><datafield tag="917" ind1=" " ind2=" "><subfield code="a">issued</subfield></datafield><datafield tag="918" ind1="2" ind2=" "><subfield code="a">Elsevier B.V.</subfield><subfield code="e">provider</subfield><subfield code="5">DNAL</subfield></datafield><datafield tag="935" ind1=" " ind2=" "><subfield code="a">IND44757744</subfield><subfield code="9">ExL</subfield></datafield><datafield tag="949" ind1=" " ind2=" "><subfield code="a">2014-01-16</subfield></datafield><datafield tag="953" ind1=" " ind2=" "><subfield code="a">NAL264100304380002220017.xml</subfield></datafield><datafield tag="962" ind1=" " ind2=" "><subfield code="a">Batch:412 annotated on 2013-12-19T15:41:02Z</subfield></datafield><datafield tag="962" ind1=" " ind2=" "><subfield code="a">Batch:412 reviewed on 2014-01-16T04:00:03Z</subfield></datafield><datafield tag="962" ind1=" " ind2=" "><subfield code="a">Batch:412 reviewed on 2014-01-16T16:00:03Z</subfield></datafield><datafield tag="974" ind1=" " ind2=" "><subfield code="a">agid:437758</subfield></datafield><datafield tag="983" ind1=" " ind2=" "><subfield code="a">2015-08-08</subfield></datafield><datafield tag="984" ind1=" " ind2=" "><subfield code="a">2015-08-08</subfield></datafield></record>