<record><leader>03088nab a2200517 u 4500</leader><controlfield tag="001">9915902354907426</controlfield><controlfield tag="005">20221116145258.0</controlfield><controlfield tag="008">080731e200606 xx |||||o|||||||||||eng||</controlfield><datafield tag="" ind1="7" ind2=" "><subfield code="a">IND44083581</subfield><subfield code="2">DNAL</subfield></datafield><datafield tag="035" ind1=" " ind2=" "><subfield code="a">agid:2970013-01nal_inst</subfield></datafield><datafield tag="040" ind1=" " ind2=" "><subfield code="a">AGL</subfield><subfield code="b">eng</subfield><subfield code="c">AGL</subfield></datafield><datafield tag="072" ind1=" " ind2="0"><subfield code="a"> P200 </subfield></datafield><datafield tag="072" ind1=" " ind2="0"><subfield code="a"> X100 </subfield></datafield><datafield tag="100" ind1="1" ind2=" "><subfield code="a">Rinaldo, A.</subfield></datafield><datafield tag="245" ind1="1" ind2="0"><subfield code="a">Trees, networks, and hydrology</subfield></datafield><datafield tag="300" ind1=" " ind2=" "><subfield code="a">p. W06D07 (19 p.</subfield></datafield><datafield tag="500" ind1=" " ind2=" "><subfield code="a">In the special issue: Rain, Rivers, and Turbulence.</subfield></datafield><datafield tag="500" ind1=" " ind2=" "><subfield code="a">2019-12-05</subfield></datafield><datafield tag="520" ind1=" " ind2=" "><subfield code="a">This paper reviews theoretical and observational material on form and function of natural networks appeared in somewhat disparate contexts from physics to biology, whose study is related to hydrologic research. Moving from the exact result that drainage network configurations minimizing total energy dissipation are stationary solutions of the general equation describing landscape evolution, we discuss the properties and the dynamic origin of the scale-invariant structure of river patterns and its relation to optimal selection. We argue that at least in the fluvial landscape, nature works through imperfect searches for dynamically accessible optimal configurations and that purely random or deterministic constructs are clearly unsuitable to properly describe natural network forms. We also show that optimal networks are spanning loopless configurations only under precise physical requirements that arise under the constraints imposed by continuity. In the case of rivers, every spanning tree proves a local minimum of total energy dissipation. This is stated in a theorem form applicable to generic networks, suggesting that other branching structures occurring in nature (e.g., scale-free and looping) may possibly arise through optimality to different selective pressures. We thus conclude that one recurrent self-organized mechanism for the dynamic origin of fractal forms is the robust strive for imperfect optimality that we see embedded in many natural patterns, chief and foremost hydrologic ones.</subfield></datafield><datafield tag="650" ind1=" " ind2="3"><subfield code="a">mathematical models</subfield></datafield><datafield tag="650" ind1=" " ind2="3"><subfield code="a">rivers</subfield></datafield><datafield tag="650" ind1=" " ind2="3"><subfield code="a">drainage channels</subfield></datafield><datafield tag="650" ind1=" " ind2="3"><subfield code="a">spatial data</subfield></datafield><datafield tag="650" ind1=" " ind2="3"><subfield code="a">drainage</subfield></datafield><datafield tag="650" ind1=" " ind2="3"><subfield code="a">hydrologic models</subfield></datafield><datafield tag="653" ind1=" " ind2="0"><subfield code="a">optimization</subfield></datafield><datafield tag="653" ind1=" " ind2="0"><subfield code="a">literature reviews</subfield></datafield><datafield tag="700" ind1="1" ind2=" "><subfield code="a">Banavar, J.R.</subfield></datafield><datafield tag="700" ind1="1" ind2=" "><subfield code="a">Maritan, A.</subfield></datafield><datafield tag="773" ind1="0" ind2=" "><subfield code="t">Water resources research.</subfield><subfield code="g">2006 June, v. 42 p.W06D07 (19 p-W06D07 (19 p</subfield><subfield code="x">0043-1397</subfield><subfield code="7">nnas</subfield></datafield><datafield tag="787" ind1="1" ind2=" "><subfield code="o">islandora_article_repository</subfield></datafield><datafield tag="787" ind1="1" ind2=" "><subfield code="o">(Journal)jnl46306</subfield></datafield><datafield tag="852" ind1=" " ind2=" "><subfield code="a">DNAL</subfield></datafield><datafield tag="912" ind1=" " ind2=" "><subfield code="a">Article</subfield></datafield><datafield tag="914" ind1=" " ind2=" "><subfield code="a">Journal:jnl46306</subfield></datafield><datafield tag="914" ind1=" " ind2=" "><subfield code="f">Water resources research</subfield></datafield><datafield tag="917" ind1=" " ind2=" "><subfield code="a">issued</subfield></datafield><datafield tag="930" ind1=" " ind2=" "><subfield code="a">20080825</subfield><subfield code="b">20080905</subfield><subfield code="c">00000000</subfield></datafield><datafield tag="935" ind1=" " ind2=" "><subfield code="a">IND44083581</subfield><subfield code="9">ExL</subfield></datafield><datafield tag="945" ind1=" " ind2=" "><subfield code="a">IND</subfield><subfield code="d">YLP</subfield><subfield code="e">2008/08/25</subfield></datafield><datafield tag="946" ind1=" " ind2=" "><subfield code="a">Other US</subfield></datafield><datafield tag="952" ind1=" " ind2=" "><subfield code="a">20080825 20080905 00000000</subfield><subfield code="b">IND YLP 2008/08/25</subfield></datafield><datafield tag="974" ind1=" " ind2=" "><subfield code="a">agid:2970013</subfield></datafield><datafield tag="984" ind1=" " ind2=" "><subfield code="a">2014-12-19</subfield></datafield><datafield tag="985" ind1=" " ind2=" "><subfield code="a">Converted from MARCXML to MODS version 3.4 using MARC21slim2MODS3-4.xsl (Revision 1.95 2014/04/23)</subfield></datafield><datafield tag="986" ind1=" " ind2=" "><subfield code="a">4083581</subfield></datafield></record>