<record><leader>04902nab a2200637 u 4500</leader><controlfield tag="001">9915902372907426</controlfield><controlfield tag="005">20221116145329.0</controlfield><controlfield tag="008">170902e201709 xx |||||o|||||||||||eng||</controlfield><datafield tag="" ind1="7" ind2=" "><subfield code="a">IND605798839</subfield><subfield code="2">DNAL</subfield></datafield><datafield tag="024" ind1="7" ind2=" "><subfield code="a">10.1111/jvs.12559</subfield><subfield code="2">doi</subfield></datafield><datafield tag="035" ind1=" " ind2=" "><subfield code="a">agid:5798839-01nal_inst</subfield></datafield><datafield tag="040" ind1=" " ind2=" "><subfield code="a">AGL</subfield><subfield code="b">eng</subfield><subfield code="c">AGL</subfield></datafield><datafield tag="100" ind1="1" ind2=" "><subfield code="a">Morales‐Linares, Jonas</subfield><subfield code="e">author</subfield><subfield code="u">Red de Ecología Funcional, Instituto de Ecología, A.C., Antigua Carretera a Coatepec No. 351, El Haya, Xalapa, Veracruz, 91070, Mexico</subfield></datafield><datafield tag="245" ind1="1" ind2="0"><subfield code="a">Spatial structure of ant‐gardens: vertical distribution on host trees and succession/segregation of associated vascular epiphytes</subfield></datafield><datafield tag="300" ind1=" " ind2=" "><subfield code="a">p. 1036-1046.</subfield></datafield><datafield tag="500" ind1=" " ind2=" "><subfield code="a">JOURNAL ARTICLE</subfield></datafield><datafield tag="520" ind1=" " ind2=" "><subfield code="a">QUESTIONS: Ant‐gardens (AGs) involve a close association between epiphytes and ants with concurrent mutualistic interactions including protection, dispersal and nutrition; however, little is known about the spatial structure patterns that determine their establishment and formation. Our main questions were: (1) do AGs have a particular pattern of vertical distribution on their host trees; (2) does a process of succession of epiphytes occur during development of AGs; and (3) are epiphytes segregated in AGs? LOCATION: Anthropic landscape in southeast Mexico. METHODS: We studied AGs built by Azteca gnava ants. We examined their vertical distribution on host trees as well as the diversity, composition and reproductive status of vascular epiphytes associated with the lower, middle and upper zones of small, medium and large AGs. RESULTS: A total of 859 AGs and 10 871 epiphytes, belonging to 26 different species, were recorded. We found that AGs are primarily (75%) located within tree crowns, and that the diversity and composition of epiphytes vary among AG sizes and among AG zones. We infer that the epiphytes that first become established in AGs are the bromeliad Aechmea tillandsioides and the gesneriad Codonanthe uleana, followed by the orchid Epidendrum flexuosum and the cactus Epiphyllum phyllanthus; these species were recorded, either individually or in co‐occurrence, in 74% of the AGs examined. The species Ae. tillandsioides, Coryanthes picturata and Epid. flexuosum were most frequent in the upper AG zone, while Epid. pachyrachis was most frequent in the middle AG zone. CONCLUSIONS: Our results show that AGs have distinct vertical distribution patterns on their tree hosts and that the establishment of epiphytes in AGs is successive and segregated, suggesting spatial and temporal optimization in the establishment and development of these complex mutualistic systems.</subfield></datafield><datafield tag="592" ind1=" " ind2=" "><subfield code="a">Publisher supplied data</subfield></datafield><datafield tag="593" ind1=" " ind2=" "><subfield code="a">PubAg article</subfield></datafield><datafield tag="650" ind1=" " ind2="3"><subfield code="a">Aechmea</subfield></datafield><datafield tag="650" ind1=" " ind2="3"><subfield code="a">Azteca</subfield></datafield><datafield tag="650" ind1=" " ind2="3"><subfield code="a">Codonanthe</subfield></datafield><datafield tag="650" ind1=" " ind2="3"><subfield code="a">Coryanthes</subfield></datafield><datafield tag="650" ind1=" " ind2="3"><subfield code="a">Epidendrum</subfield></datafield><datafield tag="650" ind1=" " ind2="3"><subfield code="a">Epiphyllum</subfield></datafield><datafield tag="650" ind1=" " ind2="3"><subfield code="a">cacti and succulents</subfield></datafield><datafield tag="650" ind1=" " ind2="3"><subfield code="a">epiphytes</subfield></datafield><datafield tag="650" ind1=" " ind2="3"><subfield code="a">hosts</subfield></datafield><datafield tag="650" ind1=" " ind2="3"><subfield code="a">landscapes</subfield></datafield><datafield tag="650" ind1=" " ind2="3"><subfield code="a">nutrition</subfield></datafield><datafield tag="650" ind1=" " ind2="3"><subfield code="a">spatial distribution</subfield></datafield><datafield tag="650" ind1=" " ind2="3"><subfield code="a">trees</subfield></datafield><datafield tag="651" ind1=" " ind2="3"><subfield code="a">Mexico</subfield></datafield><datafield tag="700" ind1="1" ind2=" "><subfield code="a">García‐Franco, José G.</subfield><subfield code="e">author</subfield><subfield code="u">Red de Ecología Funcional, Instituto de Ecología, A.C., Antigua Carretera a Coatepec No. 351, El Haya, Xalapa, Veracruz, 91070, Mexico</subfield></datafield><datafield tag="700" ind1="1" ind2=" "><subfield code="a">Flores‐Palacios, Alejandro</subfield><subfield code="e">author</subfield><subfield code="u">Centro de Investigación en Biodiversidad y Conservación, Universidad Autónoma del Estado de Morelos, Av. Universidad 1001, Col. Chamilpa, Cuernavaca, Morelos, 62209, Mexico</subfield></datafield><datafield tag="700" ind1="1" ind2=" "><subfield code="a">Valenzuela‐González, Jorge E.</subfield><subfield code="e">author</subfield><subfield code="u">Red de Ecología Funcional, Instituto de Ecología, A.C., Antigua Carretera a Coatepec No. 351, El Haya, Xalapa, Veracruz, 91070, Mexico</subfield></datafield><datafield tag="700" ind1="1" ind2=" "><subfield code="a">Mata‐Rosas, Martín</subfield><subfield code="e">author</subfield><subfield code="u">Red Manejo Biotecnológico de Recursos, Instituto de Ecología, A.C., Antigua Carretera a Coatepec No. 351, El Haya, Xalapa, Veracruz, 91070, Mexico</subfield></datafield><datafield tag="700" ind1="1" ind2=" "><subfield code="a">Díaz‐Castelazo, Cecilia</subfield><subfield code="e">author</subfield><subfield code="u">Red de Interacciones Multitróficas, Instituto de Ecología, A.C., Antigua Carretera a Coatepec No. 351, El Haya, Xalapa, Veracruz, 91070, Mexico</subfield></datafield><datafield tag="773" ind1="0" ind2=" "><subfield code="t">Journal of vegetation science.</subfield><subfield code="g">2017 Sept., v. 28, no. 5 p.1036-1046</subfield><subfield code="d">John Wiley &amp; Sons, Ltd</subfield><subfield code="x">1100-9233</subfield><subfield code="7">nnas</subfield></datafield><datafield tag="787" ind1="1" ind2=" "><subfield code="o">islandora_article_repository</subfield></datafield><datafield tag="787" ind1="1" ind2=" "><subfield code="o">product_pubag</subfield></datafield><datafield tag="787" ind1="1" ind2=" "><subfield code="o">(Journal)jnl46820</subfield></datafield><datafield tag="856" ind1="4" ind2="0"><subfield code="u">http://dx.doi.org/10.1111/jvs.12559</subfield><subfield code="3">Available from publisher's site</subfield></datafield><datafield tag="912" ind1=" " ind2=" "><subfield code="a">Article</subfield></datafield><datafield tag="914" ind1=" " ind2=" "><subfield code="a">Journal:jnl46820</subfield><subfield code="b">1100-9233</subfield><subfield code="c">28</subfield><subfield code="d">5</subfield><subfield code="e">1036</subfield></datafield><datafield tag="914" ind1=" " ind2=" "><subfield code="f">Journal of vegetation science</subfield></datafield><datafield tag="916" ind1=" " ind2=" "><subfield code="a">Batch:1909</subfield></datafield><datafield tag="917" ind1=" " ind2=" "><subfield code="a">issued</subfield></datafield><datafield tag="918" ind1="2" ind2=" "><subfield code="a">John Wiley &amp; Sons, Inc</subfield><subfield code="e">provider</subfield><subfield code="5">DNAL</subfield></datafield><datafield tag="935" ind1=" " ind2=" "><subfield code="a">IND605798839</subfield><subfield code="9">ExL</subfield></datafield><datafield tag="949" ind1=" " ind2=" "><subfield code="a">2018-03-01</subfield></datafield><datafield tag="953" ind1=" " ind2=" "><subfield code="a">11009233_2017_28_5.xml</subfield></datafield><datafield tag="962" ind1=" " ind2=" "><subfield code="a">Batch:1909 reviewed on 2018-03-01T15:00:03Z</subfield></datafield><datafield tag="974" ind1=" " ind2=" "><subfield code="a">agid:5798839</subfield></datafield><datafield tag="983" ind1=" " ind2=" "><subfield code="a">2017-09-02</subfield></datafield><datafield tag="984" ind1=" " ind2=" "><subfield code="a">2018-03-01</subfield></datafield></record>