<record><leader>04974nab a2200673 u 4500</leader><controlfield tag="001">9915903398707426</controlfield><controlfield tag="005">20221116153356.0</controlfield><controlfield tag="008">220303e202203 xx |||||o|||||||||||eng||</controlfield><datafield tag="" ind1="7" ind2=" "><subfield code="a">IND607686980</subfield><subfield code="2">DNAL</subfield></datafield><datafield tag="024" ind1="7" ind2=" "><subfield code="a">10.1007/s11356-021-16817-8</subfield><subfield code="2">doi</subfield></datafield><datafield tag="035" ind1=" " ind2=" "><subfield code="a">agid:7686980-01nal_inst</subfield></datafield><datafield tag="040" ind1=" " ind2=" "><subfield code="a">AGL</subfield><subfield code="b">eng</subfield><subfield code="c">AGL</subfield></datafield><datafield tag="100" ind1="1" ind2=" "><subfield code="a">Li, Qianxi</subfield><subfield code="e">author</subfield><subfield code="u">Hubei Provincial Academy of Eco-environmental Sciences (Hubei Eco-environmental Engineering Assessment Center), Wuhan, 430079, People’s Republic of China</subfield></datafield><datafield tag="245" ind1="1" ind2="0"><subfield code="a">Determinants of soil carbon- and nitrogen-hydrolyzing enzymes within different afforested lands in central China</subfield></datafield><datafield tag="300" ind1=" " ind2=" "><subfield code="a">p. 18868-18881.</subfield></datafield><datafield tag="520" ind1=" " ind2=" "><subfield code="a">Soil organic matter (SOM) decomposition is regulated by a complex set of enzymes. However, the influences of biotic and abiotic factors on spatial variations of soil enzyme activity (EA) within ecosystems remain unresolved. Here, we measured EA at different locations within two afforested lands (coniferous woodland and leguminous shrubland), and simultaneously collected data on soil physico-chemical, vegetation-related, and microbial properties to identify the determinants of EA spatial patterns. The results showed that soil organic C and total N contents were the predominant abiotic factors in regulating absolute EA (EA per unit of oven-dry soil mass) in both afforested lands, while soil pH was the predominant factor in regulating specific EA (EA per unit of microbial biomass (MB)). However, the predominant biotic factors varied with the afforested type: the root biomass and MB were the determinants of EA in the shrubland, whereas the tree distribution, litter and root biomass, and bacterial biomass were the determinants in the woodland. Vegetation-related factors (i.e., litter and root biomass) indirectly influenced soil EA by regulating the soil abiotic factors. Compared with the MB, microbial community composition had a minor impact on EA. The variance of specific EA (EA per unit of MB or SOM) explained by selected factors was much lower than that of absolute EA. In addition, the enzymatic C/N ratio within ecosystems did not follow a general pattern (1:1) observed at a global scale. Our results provide novel experimental insight into ecosystem-level spatial variability of C and N cycling via enzymes, suggesting that soil abiotic factors are more reliable than biotic factors to reflect EA spatial patterns across afforested systems.</subfield></datafield><datafield tag="592" ind1=" " ind2=" "><subfield code="a">Publisher supplied data</subfield></datafield><datafield tag="593" ind1=" " ind2=" "><subfield code="a">PubAg article</subfield></datafield><datafield tag="596" ind1=" " ind2=" "><subfield code="a">31770563</subfield><subfield code="c">National Natural Science Foundation of China</subfield></datafield><datafield tag="596" ind1=" " ind2=" "><subfield code="a">31700461</subfield><subfield code="c">National Natural Science Foundation of China</subfield></datafield><datafield tag="596" ind1=" " ind2=" "><subfield code="a">XDB15010200</subfield><subfield code="c">Strategic Priority Research Program B of the Chinese Academy of Sciences</subfield></datafield><datafield tag="650" ind1=" " ind2="3"><subfield code="a">Fabaceae</subfield></datafield><datafield tag="650" ind1=" " ind2="3"><subfield code="a">bacterial biomass</subfield></datafield><datafield tag="650" ind1=" " ind2="3"><subfield code="a">community structure</subfield></datafield><datafield tag="650" ind1=" " ind2="3"><subfield code="a">enzyme activity</subfield></datafield><datafield tag="650" ind1=" " ind2="3"><subfield code="a">microbial communities</subfield></datafield><datafield tag="650" ind1=" " ind2="3"><subfield code="a">pollution</subfield></datafield><datafield tag="650" ind1=" " ind2="3"><subfield code="a">research</subfield></datafield><datafield tag="650" ind1=" " ind2="3"><subfield code="a">shrublands</subfield></datafield><datafield tag="650" ind1=" " ind2="3"><subfield code="a">soil enzymes</subfield></datafield><datafield tag="650" ind1=" " ind2="3"><subfield code="a">soil organic carbon</subfield></datafield><datafield tag="650" ind1=" " ind2="3"><subfield code="a">soil pH</subfield></datafield><datafield tag="650" ind1=" " ind2="3"><subfield code="a">total nitrogen</subfield></datafield><datafield tag="650" ind1=" " ind2="3"><subfield code="a">variance</subfield></datafield><datafield tag="650" ind1=" " ind2="3"><subfield code="a">woodlands</subfield></datafield><datafield tag="700" ind1="1" ind2=" "><subfield code="a">Dong, Yiran</subfield><subfield code="e">author</subfield><subfield code="u">School of Environmental Studies, China University of Geosciences, Wuhan, 430074, People’s Republic of China</subfield></datafield><datafield tag="700" ind1="1" ind2=" "><subfield code="a">Zhang, Qian</subfield><subfield code="e">author</subfield><subfield code="u">Key Laboratory of Soil Ecology and Health in Universities of Yunnan Province, School of Ecology and Environmental Science, Yunnan University, Kunming, 650091, People’s Republic of China</subfield></datafield><datafield tag="700" ind1="1" ind2=" "><subfield code="a">Jia, Wei</subfield><subfield code="e">author</subfield><subfield code="u">Key Laboratory of Aquatic Botany and Watershed Ecology, Wuhan Botanical Garden, Chinese Academy of Sciences (CAS), Wuhan, 430074, People’s Republic of China</subfield></datafield><datafield tag="700" ind1="1" ind2=" "><subfield code="a">Cheng, Xiaoli</subfield><subfield code="e">author</subfield><subfield code="u">Key Laboratory of Soil Ecology and Health in Universities of Yunnan Province, School of Ecology and Environmental Science, Yunnan University, Kunming, 650091, People’s Republic of China. xlcheng@fudan.edu.cn</subfield></datafield><datafield tag="773" ind1="0" ind2=" "><subfield code="t">Environmental science and pollution research.</subfield><subfield code="g">2022 Mar., v. 29, no. 13 p.18868-18881</subfield><subfield code="d">Springer Berlin Heidelberg</subfield><subfield code="w">Journal:jnl4122550</subfield><subfield code="x">0944-1344</subfield><subfield code="7">nnas</subfield></datafield><datafield tag="787" ind1="1" ind2=" "><subfield code="o">islandora_article_repository</subfield></datafield><datafield tag="787" ind1="1" ind2=" "><subfield code="o">product_pubag</subfield></datafield><datafield tag="787" ind1="1" ind2=" "><subfield code="o">(Journal)jnl4122550</subfield></datafield><datafield tag="856" ind1="4" ind2="0"><subfield code="u">https://dx.doi.org/10.1007/s11356-021-16817-8</subfield><subfield code="3">Available from publisher's site</subfield></datafield><datafield tag="912" ind1=" " ind2=" "><subfield code="a">Article</subfield></datafield><datafield tag="914" ind1=" " ind2=" "><subfield code="a">Journal:jnl4122550</subfield><subfield code="b">0944-1344</subfield><subfield code="c">29</subfield><subfield code="d">13</subfield><subfield code="e">18868</subfield></datafield><datafield tag="914" ind1=" " ind2=" "><subfield code="f">Environmental science and pollution research</subfield></datafield><datafield tag="916" ind1=" " ind2=" "><subfield code="a">Batch:10238</subfield></datafield><datafield tag="917" ind1=" " ind2=" "><subfield code="a">issued</subfield></datafield><datafield tag="918" ind1="2" ind2=" "><subfield code="a">Springer</subfield><subfield code="e">provider</subfield><subfield code="5">DNAL</subfield></datafield><datafield tag="935" ind1=" " ind2=" "><subfield code="a">IND607686980</subfield><subfield code="9">ExL</subfield></datafield><datafield tag="949" ind1=" " ind2=" "><subfield code="a">2022-05-17</subfield></datafield><datafield tag="952" ind1=" " ind2=" "><subfield code="d">NAL-AP-2-clean</subfield></datafield><datafield tag="953" ind1=" " ind2=" "><subfield code="a">/data/metadata/incoming/springer/ftp_PUB_22-03-03_05-21-03.zip</subfield></datafield><datafield tag="954" ind1=" " ind2=" "><subfield code="a">file:/data/metadata/staging/springer/11356-29-13.xml</subfield></datafield><datafield tag="955" ind1=" " ind2=" "><subfield code="a">/data/metadata/staging/springer/</subfield></datafield><datafield tag="974" ind1=" " ind2=" "><subfield code="a">agid:7686980</subfield></datafield><datafield tag="983" ind1=" " ind2=" "><subfield code="a">2022-03-03</subfield></datafield><datafield tag="984" ind1=" " ind2=" "><subfield code="a">2022-05-17</subfield></datafield></record>