<record><leader>04898nab a2200805 u 4500</leader><controlfield tag="001">9915903624007426</controlfield><controlfield tag="005">20221116153801.0</controlfield><controlfield tag="008">190314e201006 xx |||||o|||||||||||eng||</controlfield><datafield tag="" ind1="7" ind2=" "><subfield code="a">IND44374290</subfield><subfield code="2">DNAL</subfield></datafield><datafield tag="024" ind1="7" ind2=" "><subfield code="a">20033820</subfield><subfield code="2">pmid</subfield></datafield><datafield tag="024" ind1="7" ind2=" "><subfield code="a">PMC2871094</subfield><subfield code="2">pmcid</subfield></datafield><datafield tag="024" ind1="7" ind2=" "><subfield code="a">10.1007/s00442-009-1540-5</subfield><subfield code="2">doi</subfield></datafield><datafield tag="035" ind1=" " ind2=" "><subfield code="a">agid:2260479-01nal_inst</subfield></datafield><datafield tag="040" ind1=" " ind2=" "><subfield code="a">AGL</subfield><subfield code="b">eng</subfield><subfield code="c">AGL</subfield></datafield><datafield tag="100" ind1="1" ind2=" "><subfield code="a">Brienen, Roel J. W.</subfield><subfield code="e">author</subfield><subfield code="u">Centro de Investigaciones en Ecosistemas, Universidad Nacional Autónoma de México, AP 27-3 Santa María de Guido, CP 58089, Morelia, Michoacán, Mexico. roelbrienen@hotmail.com</subfield></datafield><datafield tag="245" ind1="1" ind2="0"><subfield code="a">Attaining the canopy in dry and moist tropical forests: strong differences in tree growth trajectories reflect variation in growing conditions</subfield></datafield><datafield tag="300" ind1=" " ind2=" "><subfield code="a">p. 485-496.</subfield></datafield><datafield tag="506" ind1=" " ind2=" "><subfield code="a">Resource is Open Access</subfield><subfield code="u">http://purl.org/eprint/accessRights/OpenAccess</subfield><subfield code="f">Unrestricted online access</subfield><subfield code="2">star</subfield></datafield><datafield tag="520" ind1=" " ind2=" "><subfield code="a">Availability of light and water differs between tropical moist and dry forests, with typically higher understorey light levels and lower water availability in the latter. Therefore, growth trajectories of juvenile trees—those that have not attained the canopy—are likely governed by temporal fluctuations in light availability in moist forests (suppressions and releases), and by spatial heterogeneity in water availability in dry forests. In this study, we compared juvenile growth trajectories of Cedrela odorata in a dry (Mexico) and a moist forest (Bolivia) using tree rings. We tested the following specific hypotheses: (1) moist forest juveniles show more and longer suppressions, and more and stronger releases; (2) moist forest juveniles exhibit wider variation in canopy accession pattern, i.e. the typical growth trajectory to the canopy; (3) growth variation among dry forest juveniles persists over longer time due to spatial heterogeneity in water availability. As expected, the proportion of suppressed juveniles was higher in moist than in dry forest (72 vs. 17%). Moist forest suppressions also lasted longer (9 vs. 5 years). The proportion of juveniles that experienced releases in moist forest (76%) was higher than in dry forest (41%), and releases in moist forests were much stronger. Trees in the moist forest also had a wider variation in canopy accession patterns compared to the dry forest. Our results also showed that growth variation among juvenile trees persisted over substantially longer periods of time in dry forest (&gt;64 years) compared to moist forest (12 years), most probably because of larger persistent spatial variation in water availability. Our results suggest that periodic increases in light availability are more important for attaining the canopy in moist forests, and that spatial heterogeneity in water availability governs long-term tree growth in dry forests.</subfield></datafield><datafield tag="592" ind1=" " ind2=" "><subfield code="a">Publisher supplied data</subfield></datafield><datafield tag="593" ind1=" " ind2=" "><subfield code="a">PubAg article</subfield></datafield><datafield tag="650" ind1=" " ind2="3"><subfield code="a">Cedrela odorata</subfield></datafield><datafield tag="650" ind1=" " ind2="3"><subfield code="a">canopy</subfield></datafield><datafield tag="650" ind1=" " ind2="3"><subfield code="a">dry forests</subfield></datafield><datafield tag="650" ind1=" " ind2="3"><subfield code="a">growth rings</subfield></datafield><datafield tag="650" ind1=" " ind2="3"><subfield code="a">juveniles</subfield></datafield><datafield tag="650" ind1=" " ind2="3"><subfield code="a">tree growth</subfield></datafield><datafield tag="650" ind1=" " ind2="3"><subfield code="a">trees</subfield></datafield><datafield tag="650" ind1=" " ind2="3"><subfield code="a">tropical forests</subfield></datafield><datafield tag="650" ind1=" " ind2="3"><subfield code="a">understory</subfield></datafield><datafield tag="650" ind1=" " ind2="2"><subfield code="a">Desert Climate</subfield></datafield><datafield tag="650" ind1=" " ind2="2"><subfield code="a">Ecosystem</subfield></datafield><datafield tag="650" ind1=" " ind2="2"><subfield code="a">Geography</subfield></datafield><datafield tag="650" ind1=" " ind2="2"><subfield code="a">Humidity</subfield></datafield><datafield tag="650" ind1=" " ind2="2"><subfield code="a">Population Dynamics</subfield></datafield><datafield tag="650" ind1=" " ind2="2"><subfield code="a">Rain</subfield></datafield><datafield tag="650" ind1=" " ind2="2"><subfield code="a">Seasons</subfield></datafield><datafield tag="650" ind1=" " ind2="2"><subfield code="a">Soil</subfield><subfield code="x">analysis</subfield></datafield><datafield tag="650" ind1=" " ind2="2"><subfield code="a">Species Specificity</subfield></datafield><datafield tag="650" ind1=" " ind2="2"><subfield code="a">Sunlight</subfield></datafield><datafield tag="650" ind1=" " ind2="2"><subfield code="a">Trees</subfield><subfield code="x">anatomy &amp; histology</subfield><subfield code="x">growth &amp; development</subfield><subfield code="x">physiology</subfield></datafield><datafield tag="650" ind1=" " ind2="2"><subfield code="a">Tropical Climate</subfield></datafield><datafield tag="650" ind1=" " ind2="2"><subfield code="a">Water</subfield><subfield code="x">analysis</subfield></datafield><datafield tag="651" ind1=" " ind2="3"><subfield code="a">Bolivia</subfield></datafield><datafield tag="651" ind1=" " ind2="3"><subfield code="a">Mexico</subfield></datafield><datafield tag="651" ind1=" " ind2="0"><subfield code="a">Bolivia</subfield></datafield><datafield tag="651" ind1=" " ind2="0"><subfield code="a">Mexico</subfield></datafield><datafield tag="700" ind1="1" ind2=" "><subfield code="a">Zuidema, Pieter A.</subfield><subfield code="e">author</subfield><subfield code="u">Ecology and Biodiversity, Utrecht University, PO Box 80084, 3508 TB, Utrecht, The Netherlands</subfield></datafield><datafield tag="700" ind1="1" ind2=" "><subfield code="a">Martínez-Ramos, Miguel</subfield><subfield code="e">author</subfield><subfield code="u">Centro de Investigaciones en Ecosistemas, Universidad Nacional Autónoma de México, AP 27-3 Santa María de Guido, CP 58089, Morelia, Michoacán, Mexico</subfield></datafield><datafield tag="773" ind1="0" ind2=" "><subfield code="t">Oecologia.</subfield><subfield code="g">2010 June, v. 163, no. 2 p.485-496</subfield><subfield code="d">Springer-Verlag</subfield><subfield code="w">Journal:jnl44754</subfield><subfield code="x">0029-8549</subfield><subfield code="7">nnas</subfield></datafield><datafield tag="787" ind1="1" ind2=" "><subfield code="o">islandora_article_repository</subfield></datafield><datafield tag="787" ind1="1" ind2=" "><subfield code="o">product_pubag</subfield></datafield><datafield tag="787" ind1="1" ind2=" "><subfield code="o">(Journal)jnl44754</subfield></datafield><datafield tag="852" ind1=" " ind2=" "><subfield code="a">DNAL</subfield></datafield><datafield tag="856" ind1="4" ind2="0"><subfield code="u">https://dx.doi.org/10.1007/s00442-009-1540-5</subfield><subfield code="3">Available from publisher's site</subfield></datafield><datafield tag="912" ind1=" " ind2=" "><subfield code="a">Article</subfield></datafield><datafield tag="914" ind1=" " ind2=" "><subfield code="a">Journal:jnl44754</subfield></datafield><datafield tag="914" ind1=" " ind2=" "><subfield code="f">Oecologia</subfield></datafield><datafield tag="916" ind1=" " ind2=" "><subfield code="a">Batch:1242</subfield></datafield><datafield tag="917" ind1=" " ind2=" "><subfield code="a">issued</subfield></datafield><datafield tag="918" ind1="2" ind2=" "><subfield code="a">Springer</subfield><subfield code="e">provider</subfield><subfield code="5">DNAL</subfield></datafield><datafield tag="935" ind1=" " ind2=" "><subfield code="a">IND44374290</subfield><subfield code="9">ExL</subfield></datafield><datafield tag="949" ind1=" " ind2=" "><subfield code="a">2019-03-14</subfield></datafield><datafield tag="953" ind1=" " ind2=" "><subfield code="a">/data/metadata/incoming/springer/ftp_PUB_19-03-01_06-47-28.zip</subfield></datafield><datafield tag="954" ind1=" " ind2=" "><subfield code="a">file:/data/metadata/staging/springer/00442-163-2.xml</subfield></datafield><datafield tag="955" ind1=" " ind2=" "><subfield code="a">/data/metadata/staging/springer/</subfield></datafield><datafield tag="974" ind1=" " ind2=" "><subfield code="a">agid:2260479</subfield></datafield><datafield tag="983" ind1=" " ind2=" "><subfield code="a">2019-03-14</subfield></datafield><datafield tag="984" ind1=" " ind2=" "><subfield code="a">2019-03-14</subfield></datafield><datafield tag="986" ind1=" " ind2=" "><subfield code="a">4374290</subfield></datafield></record>