<record><leader>06110nab a2200685 u 4500</leader><controlfield tag="001">9915903665707426</controlfield><controlfield tag="005">20221116154100.0</controlfield><controlfield tag="008">220708e202207 xx |||||o|||||||||||eng||</controlfield><datafield tag="" ind1="7" ind2=" "><subfield code="a">IND607823450</subfield><subfield code="2">DNAL</subfield></datafield><datafield tag="024" ind1="7" ind2=" "><subfield code="a">10.1111/1365-2664.14197</subfield><subfield code="2">doi</subfield></datafield><datafield tag="035" ind1=" " ind2=" "><subfield code="a">agid:7823450-01nal_inst</subfield></datafield><datafield tag="040" ind1=" " ind2=" "><subfield code="a">AGL</subfield><subfield code="b">eng</subfield><subfield code="c">AGL</subfield></datafield><datafield tag="100" ind1="1" ind2=" "><subfield code="a">Arasa‐Gisbert, Ricard</subfield><subfield code="e">author</subfield><subfield code="u">Instituto de Investigaciones en Ecosistemas y Sustentabilidad, Universidad Nacional Autónoma de México, Morelia, Mexico</subfield><subfield code="1">https://orcid.org/0000-0002-8702-4528</subfield></datafield><datafield tag="245" ind1="1" ind2="0"><subfield code="a">Forest loss and treeless matrices cause the functional impoverishment of sapling communities in old‐growth forest patches across tropical regions</subfield></datafield><datafield tag="300" ind1=" " ind2=" "><subfield code="a">p. 1897-1910.</subfield></datafield><datafield tag="500" ind1=" " ind2=" "><subfield code="a">JOURNAL ARTICLE</subfield></datafield><datafield tag="520" ind1=" " ind2=" "><subfield code="a">Landscape‐level disturbances, such as forest loss, can profoundly alter the functional composition and diversity of biotic assemblages. In fact, the landscape‐moderated functional trait selection (LMFTS) hypothesis states that landscape‐level disturbances may act as environmental filters that select a set of species with disturbance‐adapted attributes while causing the loss of species with disturbance‐sensitive attributes, ultimately compromising ecosystem functioning. However, the impact of landscape patterns on the functional composition and diversity of tropical regenerating trees (saplings) is unknown. Using a multiscale approach to identify the best spatial scale (i.e. the scale of effect), we tested the effect of forest cover, matrix openness and forest patch density (fragmentation) on functional composition and functional diversity of tree saplings in old‐growth forest patches (n = 59) in three Mexican rainforest regions with different degree of deforestation. For 368 species and ~23,000 individuals, we compiled information from global and national databases on six functional traits related to seed dispersal and plant establishment and calculated their community abundance‐weighted mean (CWM) and three complementary functional diversity indices. Forest loss and matrix openness reduced functional richness and evenness, but only in the two most deforested regions. Overall, fragmentation had contrasting effects on functional diversity and composition, but correlated negatively with some functional traits in the most deforested region. Importantly, in the regions with high‐to‐intermediate degree of deforestation, functional composition experienced major changes: maximum height, seed mass, fruit size and wood density decreased, and SLA increased, in forest patches surrounded by open matrices in highly deforested and fragmented landscapes. This caused a shift of community traits towards more disturbed‐adapted attributes. Synthesis and applications. In agreement with the LMFTS hypothesis, our results confirm that landscape modifications in regions undergoing high and long‐lasting deforestation greatly impoverish the functional composition and diversity of sapling communities. The shift from communities composed mainly by conservative attributes towards communities with a higher prevalence of disturbance‐adapted attributes disrupts the future community structure and jeopardizes critical ecosystem functions. Management practices focused on preventing deforestation, increasing forest cover and promoting treed matrices are necessary to preserve the functionality of these species rich but increasingly threatened rainforests.</subfield></datafield><datafield tag="592" ind1=" " ind2=" "><subfield code="a">Publisher supplied data</subfield></datafield><datafield tag="593" ind1=" " ind2=" "><subfield code="a">PubAg article</subfield></datafield><datafield tag="596" ind1=" " ind2=" "><subfield code="a">863752</subfield><subfield code="c">Consejo Nacional de Ciencia y Tecnología</subfield></datafield><datafield tag="596" ind1=" " ind2=" "><subfield code="a">SEP‐CONACyT scholarship 2015‐253946</subfield><subfield code="c">Consejo Nacional de Ciencia y Tecnología</subfield></datafield><datafield tag="596" ind1=" " ind2=" "><subfield code="a">863.15.017</subfield><subfield code="c">Netherlands Organization for Scientific Research</subfield></datafield><datafield tag="596" ind1=" " ind2=" "><subfield code="c">Interdisciplinary Research and Education Fund of Wageningen University</subfield></datafield><datafield tag="596" ind1=" " ind2=" "><subfield code="a">IN201020</subfield><subfield code="c">PAPIIT‐UNAM</subfield></datafield><datafield tag="650" ind1=" " ind2="3"><subfield code="a">applied ecology</subfield></datafield><datafield tag="650" ind1=" " ind2="3"><subfield code="a">community structure</subfield></datafield><datafield tag="650" ind1=" " ind2="3"><subfield code="a">deforestation</subfield></datafield><datafield tag="650" ind1=" " ind2="3"><subfield code="a">ecosystems</subfield></datafield><datafield tag="650" ind1=" " ind2="3"><subfield code="a">fruit size</subfield></datafield><datafield tag="650" ind1=" " ind2="3"><subfield code="a">functional diversity</subfield></datafield><datafield tag="650" ind1=" " ind2="3"><subfield code="a">landscapes</subfield></datafield><datafield tag="650" ind1=" " ind2="3"><subfield code="a">old-growth forests</subfield></datafield><datafield tag="650" ind1=" " ind2="3"><subfield code="a">plant establishment</subfield></datafield><datafield tag="650" ind1=" " ind2="3"><subfield code="a">rain forests</subfield></datafield><datafield tag="650" ind1=" " ind2="3"><subfield code="a">seed dispersal</subfield></datafield><datafield tag="650" ind1=" " ind2="3"><subfield code="a">seed weight</subfield></datafield><datafield tag="650" ind1=" " ind2="3"><subfield code="a">wood density</subfield></datafield><datafield tag="700" ind1="1" ind2=" "><subfield code="a">Arroyo‐Rodríguez, Víctor</subfield><subfield code="e">author</subfield><subfield code="u">Instituto de Investigaciones en Ecosistemas y Sustentabilidad, Universidad Nacional Autónoma de México, Morelia, Mexico</subfield><subfield code="1">https://orcid.org/0000-0002-0858-0324</subfield></datafield><datafield tag="700" ind1="1" ind2=" "><subfield code="a">Meave, Jorge A.</subfield><subfield code="e">author</subfield><subfield code="u">Departamento de Ecología y Recursos Naturales, Facultad de Ciencias, Universidad Nacional Autónoma de México, Ciudad de México, Mexico</subfield><subfield code="1">https://orcid.org/0000-0002-6241-8803</subfield></datafield><datafield tag="700" ind1="1" ind2=" "><subfield code="a">Martínez‐Ramos, Miguel</subfield><subfield code="e">author</subfield><subfield code="u">Instituto de Investigaciones en Ecosistemas y Sustentabilidad, Universidad Nacional Autónoma de México, Morelia, Mexico</subfield><subfield code="1">https://orcid.org/0000-0002-7785-1917</subfield></datafield><datafield tag="700" ind1="1" ind2=" "><subfield code="a">Lohbeck, Madelon</subfield><subfield code="e">author</subfield><subfield code="u">Forest Ecology and Forest Management Group, Wageningen University, Wageningen, The Netherlands</subfield><subfield code="1">https://orcid.org/0000-0002-3959-1800</subfield></datafield><datafield tag="773" ind1="0" ind2=" "><subfield code="t">Journal of applied ecology.</subfield><subfield code="g">2022 July, v. 59, no. 7 p.1897-1910</subfield><subfield code="d">John Wiley &amp; Sons, Ltd</subfield><subfield code="w">Journal:jnl57298</subfield><subfield code="x">0021-8901</subfield><subfield code="7">nnas</subfield></datafield><datafield tag="787" ind1="1" ind2=" "><subfield code="o">islandora_article_repository</subfield></datafield><datafield tag="787" ind1="1" ind2=" "><subfield code="o">product_pubag</subfield></datafield><datafield tag="787" ind1="1" ind2=" "><subfield code="o">(Journal)jnl57298</subfield></datafield><datafield tag="856" ind1="4" ind2="0"><subfield code="u">https://dx.doi.org/10.1111/1365-2664.14197</subfield><subfield code="3">Available from publisher's site</subfield></datafield><datafield tag="912" ind1=" " ind2=" "><subfield code="a">Article</subfield></datafield><datafield tag="914" ind1=" " ind2=" "><subfield code="a">Journal:jnl57298</subfield><subfield code="b">0021-8901</subfield><subfield code="c">59</subfield><subfield code="d">7</subfield><subfield code="e">1897</subfield></datafield><datafield tag="914" ind1=" " ind2=" "><subfield code="f">Journal of applied ecology</subfield></datafield><datafield tag="917" ind1=" " ind2=" "><subfield code="a">issued</subfield></datafield><datafield tag="918" ind1="2" ind2=" "><subfield code="a">John Wiley &amp; Sons, Inc</subfield><subfield code="e">provider</subfield><subfield code="5">DNAL</subfield></datafield><datafield tag="935" ind1=" " ind2=" "><subfield code="a">IND607823450</subfield><subfield code="9">ExL</subfield></datafield><datafield tag="949" ind1=" " ind2=" "><subfield code="a">2022-07-08</subfield></datafield><datafield tag="952" ind1=" " ind2=" "><subfield code="d">NAL-AP-2-clean</subfield></datafield><datafield tag="953" ind1=" " ind2=" "><subfield code="a">/data/metadata/incoming/wiley/00218901_2022_59_7.xml</subfield></datafield><datafield tag="954" ind1=" " ind2=" "><subfield code="a">file:/data/metadata/staging/wiley/00218901_2022_59_7.xml</subfield></datafield><datafield tag="955" ind1=" " ind2=" "><subfield code="a">/data/metadata/staging/wiley/</subfield></datafield><datafield tag="974" ind1=" " ind2=" "><subfield code="a">agid:7823450</subfield></datafield><datafield tag="983" ind1=" " ind2=" "><subfield code="a">2022-07-08</subfield></datafield><datafield tag="984" ind1=" " ind2=" "><subfield code="a">2022-07-08</subfield></datafield></record>