<record><leader>04644nab a2200673 u 4500</leader><controlfield tag="001">9915904058407426</controlfield><controlfield tag="005">20221116155901.0</controlfield><controlfield tag="008">180619e201805 xx |||||o|||||||||||eng||</controlfield><datafield tag="" ind1="7" ind2=" "><subfield code="a">IND605936781</subfield><subfield code="2">DNAL</subfield></datafield><datafield tag="024" ind1="7" ind2=" "><subfield code="a">10.1007/s00442-018-4108-4</subfield><subfield code="2">doi</subfield></datafield><datafield tag="035" ind1=" " ind2=" "><subfield code="a">agid:5936781-01nal_inst</subfield></datafield><datafield tag="040" ind1=" " ind2=" "><subfield code="a">AGL</subfield><subfield code="b">eng</subfield><subfield code="c">AGL</subfield></datafield><datafield tag="100" ind1="1" ind2=" "><subfield code="a">Thormann, Birthe</subfield><subfield code="e">author</subfield><subfield code="u">Zoological Research Museum Alexander Koenig, Adenauerallee 160, 53113, Bonn, Germany</subfield></datafield><datafield tag="245" ind1="1" ind2="0"><subfield code="a">Small-scale topography modulates elevational α-, β- and γ-diversity of Andean leaf beetles</subfield></datafield><datafield tag="300" ind1=" " ind2=" "><subfield code="a">p. 181-189.</subfield></datafield><datafield tag="520" ind1=" " ind2=" "><subfield code="a">Elevational diversity gradients are typically studied without considering the complex small-scale topography of large mountains, which generates habitats of strongly different environmental conditions within the same elevational zones. Here we analyzed the importance of small-scale topography for elevational diversity patterns of hyperdiverse tropical leaf beetles (Coleoptera: Chrysomelidae). We compared patterns of elevational diversity and species composition of beetles in two types of forests (on mountain ridges and in valleys) and analyzed whether differences in the rate of species turnover among forest habitats lead to shifts in patterns of elevational diversity when scaling up from the local study site to the elevational belt level. We sampled beetle assemblages at 36 sites in the Podocarpus National Park, Ecuador, which were equally distributed over two forest habitats and three elevational levels. DNA barcoding and Poisson tree processes modelling were used to delimitate putative species. On average, local leaf beetle diversity showed a clear hump-shaped pattern. However, only diversity in forests on mountain ridges peaked at mid-elevation, while beetle diversity in valleys was similarly high at low- and mid-elevation and only declined at highest elevations. A higher turnover of species assemblages at lower than at mid-elevations caused a shift from a hump-shaped diversity pattern found at the local level to a low-elevation plateau pattern (with similar species numbers at low and mid-elevation) at the elevational belt level. Our study reveals an important role of small-scale topography and spatial scale for the inference on gradients of elevational species diversity.</subfield></datafield><datafield tag="592" ind1=" " ind2=" "><subfield code="a">Publisher supplied data</subfield></datafield><datafield tag="593" ind1=" " ind2=" "><subfield code="a">PubAg article</subfield></datafield><datafield tag="650" ind1=" " ind2="3"><subfield code="a">Chrysomelidae</subfield></datafield><datafield tag="650" ind1=" " ind2="3"><subfield code="a">DNA barcoding</subfield></datafield><datafield tag="650" ind1=" " ind2="3"><subfield code="a">Podocarpus</subfield></datafield><datafield tag="650" ind1=" " ind2="3"><subfield code="a">environmental factors</subfield></datafield><datafield tag="650" ind1=" " ind2="3"><subfield code="a">forest habitats</subfield></datafield><datafield tag="650" ind1=" " ind2="3"><subfield code="a">forests</subfield></datafield><datafield tag="650" ind1=" " ind2="3"><subfield code="a">models</subfield></datafield><datafield tag="650" ind1=" " ind2="3"><subfield code="a">mountains</subfield></datafield><datafield tag="650" ind1=" " ind2="3"><subfield code="a">national parks</subfield></datafield><datafield tag="650" ind1=" " ind2="3"><subfield code="a">plateaus</subfield></datafield><datafield tag="650" ind1=" " ind2="3"><subfield code="a">species diversity</subfield></datafield><datafield tag="650" ind1=" " ind2="3"><subfield code="a">topography</subfield></datafield><datafield tag="650" ind1=" " ind2="3"><subfield code="a">valleys</subfield></datafield><datafield tag="651" ind1=" " ind2="3"><subfield code="a">Andes region</subfield></datafield><datafield tag="651" ind1=" " ind2="3"><subfield code="a">Ecuador</subfield></datafield><datafield tag="700" ind1="1" ind2=" "><subfield code="a">Ahrens, Dirk</subfield><subfield code="e">author</subfield><subfield code="u">Zoological Research Museum Alexander Koenig, Adenauerallee 160, 53113, Bonn, Germany</subfield></datafield><datafield tag="700" ind1="1" ind2=" "><subfield code="a">Espinosa, CarlosIván</subfield><subfield code="e">author</subfield><subfield code="u">Departamento de Ciencias Naturales, Universidad Técnica Particular de Loja, Loja, Ecuador</subfield></datafield><datafield tag="700" ind1="1" ind2=" "><subfield code="a">Armijos, DiegoMarín</subfield><subfield code="e">author</subfield><subfield code="u">Departamento de Ciencias Naturales, Universidad Técnica Particular de Loja, Loja, Ecuador</subfield></datafield><datafield tag="700" ind1="1" ind2=" "><subfield code="a">Wagner, Thomas</subfield><subfield code="e">author</subfield><subfield code="u">Department of Biology, Institute for Integrated Natural Sciences, University of Koblenz - Landau, Universitätsstraße 1, 56070, Koblenz, Germany</subfield></datafield><datafield tag="700" ind1="1" ind2=" "><subfield code="a">Wägele, JohannW.</subfield><subfield code="e">author</subfield><subfield code="u">Zoological Research Museum Alexander Koenig, Adenauerallee 160, 53113, Bonn, Germany</subfield></datafield><datafield tag="700" ind1="1" ind2=" "><subfield code="a">Peters, MarcellK.</subfield><subfield code="e">author</subfield><subfield code="u">Department of Animal Ecology and Tropical Biology, Biocenter, University of Würzburg, Am Hubland, 97074, Würzburg, Germany. marcell.peters@uni-wuerzburg.de</subfield></datafield><datafield tag="773" ind1="0" ind2=" "><subfield code="t">Oecologia.</subfield><subfield code="g">2018 May, v. 187, no. 1 p.181-189</subfield><subfield code="d">Springer Berlin Heidelberg</subfield><subfield code="w">Journal:jnl44754</subfield><subfield code="x">0029-8549</subfield><subfield code="7">nnas</subfield></datafield><datafield tag="787" ind1="1" ind2=" "><subfield code="o">islandora_article_repository</subfield></datafield><datafield tag="787" ind1="1" ind2=" "><subfield code="o">product_pubag</subfield></datafield><datafield tag="787" ind1="1" ind2=" "><subfield code="o">(Journal)jnl44754</subfield></datafield><datafield tag="856" ind1="4" ind2="0"><subfield code="u">https://dx.doi.org/10.1007/s00442-018-4108-4</subfield><subfield code="3">Available from publisher's site</subfield></datafield><datafield tag="912" ind1=" " ind2=" "><subfield code="a">Article</subfield></datafield><datafield tag="914" ind1=" " ind2=" "><subfield code="a">Journal:jnl44754</subfield><subfield code="b">0029-8549</subfield><subfield code="c">187</subfield><subfield code="d">1</subfield><subfield code="e">181</subfield></datafield><datafield tag="914" ind1=" " ind2=" "><subfield code="f">Oecologia</subfield></datafield><datafield tag="916" ind1=" " ind2=" "><subfield code="a">Batch:1992</subfield></datafield><datafield tag="917" ind1=" " ind2=" "><subfield code="a">issued</subfield></datafield><datafield tag="918" ind1="2" ind2=" "><subfield code="a">Springer</subfield><subfield code="e">provider</subfield><subfield code="5">DNAL</subfield></datafield><datafield tag="935" ind1=" " ind2=" "><subfield code="a">IND605936781</subfield><subfield code="9">ExL</subfield></datafield><datafield tag="949" ind1=" " ind2=" "><subfield code="a">2018-07-02</subfield></datafield><datafield tag="953" ind1=" " ind2=" "><subfield code="a">/data/metadata/incoming/springer/ftp_PUB_18-05-08_05-54-25.zip</subfield></datafield><datafield tag="954" ind1=" " ind2=" "><subfield code="a">file:/data/metadata/staging/springer/00442-187-1.xml</subfield></datafield><datafield tag="955" ind1=" " ind2=" "><subfield code="a">/data/metadata/staging/springer/</subfield></datafield><datafield tag="962" ind1=" " ind2=" "><subfield code="a">Batch:1992 reviewed on 2018-07-02T11:29:06Z</subfield></datafield><datafield tag="974" ind1=" " ind2=" "><subfield code="a">agid:5936781</subfield></datafield><datafield tag="983" ind1=" " ind2=" "><subfield code="a">2018-06-19</subfield></datafield><datafield tag="984" ind1=" " ind2=" "><subfield code="a">2018-07-02</subfield></datafield></record>