<record><leader>03969nab a2200649 u 4500</leader><controlfield tag="001">9915904070407426</controlfield><controlfield tag="005">20221116160010.0</controlfield><controlfield tag="008">180619e201805 xx |||||o|||||||||||eng||</controlfield><datafield tag="" ind1="7" ind2=" "><subfield code="a">IND605936777</subfield><subfield code="2">DNAL</subfield></datafield><datafield tag="024" ind1="7" ind2=" "><subfield code="a">10.1007/s00442-018-4098-2</subfield><subfield code="2">doi</subfield></datafield><datafield tag="035" ind1=" " ind2=" "><subfield code="a">agid:5936777-01nal_inst</subfield></datafield><datafield tag="040" ind1=" " ind2=" "><subfield code="a">AGL</subfield><subfield code="b">eng</subfield><subfield code="c">AGL</subfield></datafield><datafield tag="100" ind1="1" ind2=" "><subfield code="a">Yando, E.S.</subfield><subfield code="e">author</subfield><subfield code="u">Department of Biology, University of Louisiana at Lafayette, Lafayette, LA, 70503, USA. yando@louisiana.edu</subfield><subfield code="1">http://orcid.org/0000-0002-8786-6178</subfield></datafield><datafield tag="245" ind1="1" ind2="0"><subfield code="a">Microspatial ecotone dynamics at a shifting range limit: plant–soil variation across salt marsh–mangrove interfaces</subfield></datafield><datafield tag="300" ind1=" " ind2=" "><subfield code="a">p. 319-331.</subfield></datafield><datafield tag="500" ind1=" " ind2=" "><subfield code="a">2019-12-06</subfield></datafield><datafield tag="520" ind1=" " ind2=" "><subfield code="a">Ecotone dynamics and shifting range limits can be used to advance our understanding of the ecological implications of future range expansions in response to climate change. In the northern Gulf of Mexico, the salt marsh–mangrove ecotone is an area where range limits and ecotone dynamics can be studied in tandem as recent decreases in winter temperature extremes have allowed for mangrove expansion at the expense of salt marsh. In this study, we assessed aboveground and belowground plant–soil dynamics across the salt marsh–mangrove ecotone quantifying micro-spatial patterns in horizontal extent. Specifically, we studied vegetation and rooting dynamics of large and small trees, the impact of salt marshes (e.g. species and structure) on mangroves, and the influence of vegetation on soil properties along transects from underneath the mangrove canopy into the surrounding salt marsh. Vegetation and rooting dynamics differed in horizontal reach, and there was a positive relationship between mangrove tree height and rooting extent. We found that the horizontal expansion of mangrove roots into salt marsh extended up to eight meters beyond the aboveground boundary. Variation in vegetation structure and local hydrology appear to control mangrove seedling dynamics. Finally, soil carbon density and organic matter did not differ within locations across the salt marsh-mangrove interface. By studying aboveground and belowground variation across the ecotone, we can better predict the ecological effects of continued range expansion in response to climate change.</subfield></datafield><datafield tag="592" ind1=" " ind2=" "><subfield code="a">Publisher supplied data</subfield></datafield><datafield tag="593" ind1=" " ind2=" "><subfield code="a">PubAg article</subfield></datafield><datafield tag="650" ind1=" " ind2="3"><subfield code="a">canopy</subfield></datafield><datafield tag="650" ind1=" " ind2="3"><subfield code="a">winter</subfield></datafield><datafield tag="650" ind1=" " ind2="3"><subfield code="a">ecotones</subfield></datafield><datafield tag="650" ind1=" " ind2="3"><subfield code="a">organic matter</subfield></datafield><datafield tag="650" ind1=" " ind2="3"><subfield code="a">seedlings</subfield></datafield><datafield tag="650" ind1=" " ind2="3"><subfield code="a">soil properties</subfield></datafield><datafield tag="650" ind1=" " ind2="3"><subfield code="a">climate change</subfield></datafield><datafield tag="650" ind1=" " ind2="3"><subfield code="a">carbon</subfield></datafield><datafield tag="650" ind1=" " ind2="3"><subfield code="a">rooting</subfield></datafield><datafield tag="650" ind1=" " ind2="3"><subfield code="a">hydrology</subfield></datafield><datafield tag="650" ind1=" " ind2="3"><subfield code="a">salt marshes</subfield></datafield><datafield tag="650" ind1=" " ind2="3"><subfield code="a">environmental impact</subfield></datafield><datafield tag="650" ind1=" " ind2="3"><subfield code="a">temperature</subfield></datafield><datafield tag="650" ind1=" " ind2="3"><subfield code="a">vegetation</subfield></datafield><datafield tag="651" ind1=" " ind2="3"><subfield code="a">Gulf of Mexico</subfield></datafield><datafield tag="653" ind1=" " ind2="0"><subfield code="a">mangroves</subfield></datafield><datafield tag="700" ind1="1" ind2=" "><subfield code="a">Osland, M.J.</subfield><subfield code="e">author</subfield><subfield code="u">Wetland and Aquatic Research Center, U.S. Geological Survey, Lafayette, LA, 70506, USA</subfield></datafield><datafield tag="700" ind1="1" ind2=" "><subfield code="a">Hester, M.W.</subfield><subfield code="e">author</subfield><subfield code="u">Department of Biology, University of Louisiana at Lafayette, Lafayette, LA, 70503, USA</subfield></datafield><datafield tag="773" ind1="0" ind2=" "><subfield code="t">Oecologia.</subfield><subfield code="g">2018 May, v. 187, no. 1 p.319-331</subfield><subfield code="d">Springer Berlin Heidelberg</subfield><subfield code="w">Journal:jnl44754</subfield><subfield code="x">0029-8549</subfield><subfield code="7">nnas</subfield></datafield><datafield tag="787" ind1="1" ind2=" "><subfield code="o">islandora_article_repository</subfield></datafield><datafield tag="787" ind1="1" ind2=" "><subfield code="o">product_pubag</subfield></datafield><datafield tag="787" ind1="1" ind2=" "><subfield code="o">(Journal)jnl44754</subfield></datafield><datafield tag="856" ind1="4" ind2="0"><subfield code="u">https://dx.doi.org/10.1007/s00442-018-4098-2</subfield><subfield code="3">Available from publisher's site</subfield></datafield><datafield tag="912" ind1=" " ind2=" "><subfield code="a">Article</subfield></datafield><datafield tag="914" ind1=" " ind2=" "><subfield code="a">Journal:jnl44754</subfield><subfield code="b">0029-8549</subfield><subfield code="c">187</subfield><subfield code="d">1</subfield><subfield code="e">319</subfield></datafield><datafield tag="914" ind1=" " ind2=" "><subfield code="f">Oecologia</subfield></datafield><datafield tag="916" ind1=" " ind2=" "><subfield code="a">Batch:1992</subfield></datafield><datafield tag="917" ind1=" " ind2=" "><subfield code="a">issued</subfield></datafield><datafield tag="918" ind1="2" ind2=" "><subfield code="a">Springer</subfield><subfield code="e">provider</subfield><subfield code="5">DNAL</subfield></datafield><datafield tag="935" ind1=" " ind2=" "><subfield code="a">IND605936777</subfield><subfield code="9">ExL</subfield></datafield><datafield tag="949" ind1=" " ind2=" "><subfield code="a">2018-07-02</subfield></datafield><datafield tag="953" ind1=" " ind2=" "><subfield code="a">/data/metadata/incoming/springer/ftp_PUB_18-05-08_05-54-25.zip</subfield></datafield><datafield tag="954" ind1=" " ind2=" "><subfield code="a">file:/data/metadata/staging/springer/00442-187-1.xml</subfield></datafield><datafield tag="955" ind1=" " ind2=" "><subfield code="a">/data/metadata/staging/springer/</subfield></datafield><datafield tag="962" ind1=" " ind2=" "><subfield code="a">Batch:1992 reviewed on 2018-07-02T11:29:06Z</subfield></datafield><datafield tag="974" ind1=" " ind2=" "><subfield code="a">agid:5936777</subfield></datafield><datafield tag="983" ind1=" " ind2=" "><subfield code="a">2018-06-19</subfield></datafield><datafield tag="984" ind1=" " ind2=" "><subfield code="a">2018-07-02</subfield></datafield></record>