<record><leader>04152nab a2200553 u 4500</leader><controlfield tag="001">9915904118307426</controlfield><controlfield tag="005">20221116160112.0</controlfield><controlfield tag="008">220824e202211 xx |||||o|||||||||||eng||</controlfield><datafield tag="" ind1="7" ind2=" "><subfield code="a">IND607889460</subfield><subfield code="2">DNAL</subfield></datafield><datafield tag="024" ind1="7" ind2=" "><subfield code="a">10.1/j.rsase.2022.100814</subfield><subfield code="2">doi</subfield></datafield><datafield tag="035" ind1=" " ind2=" "><subfield code="a">agid:7889460-01nal_inst</subfield></datafield><datafield tag="040" ind1=" " ind2=" "><subfield code="a">AGL</subfield><subfield code="b">eng</subfield><subfield code="c">AGL</subfield></datafield><datafield tag="100" ind1="1" ind2=" "><subfield code="a">Al-Kindi, Khalifa M.</subfield><subfield code="e">author</subfield><subfield code="u">UNESCO Chair on Aflaj Studies, Arc-haeohydrology, University of Nizwa, Nizwa, Oman</subfield><subfield code="1">https://orcid.org/0000-0001-9107-5566</subfield></datafield><datafield tag="245" ind1="1" ind2="0"><subfield code="a">Geospatial detection of Ommatissus lybicus de Bergevin using spatial and machine learning techniques</subfield></datafield><datafield tag="520" ind1=" " ind2=" "><subfield code="a">Dubas bug (Ommatissus lybicus de Bergevin) infestations are frequent in several Middle Eastern and North African countries, causing havoc to date palms. The key objectives of this research were (1) to examine the prevalence of the Dubas bug geographically and (2) to identify hotspots and clusters at the local levels. Normalised difference vegetation indices, kernel density estimations, spatial autocorrelations, Getis-Ord G*, Anselin spatial indicators, ordinary regression and forest-based classification and regression algorithms were used to detect Dubas bug infestations in the Al Batinah North and Al Batinah South governorates in Oman from 2017 to 2021. Images of the region, including several sub-locations with diverse levels of infestation, were collected throughout the Dubas bug spring and autumn generations during the study period. The spring generation's kappa coefficient for identifying infestation levels was 0.97, whereas the autumn generation's kappa coefficient was 0.98. Varying infestation levels were observed over the study period, with some areas experiencing fewer or more cold spots or hotspots than others. The highest Moran's I value of 0.48, along with the highest z-score of 12.9, characterised the highly clustered pattern of infestation during the 2017 spring generation, while the lowest infestation clustering occurred during the 2019 spring generation, with the lowest Moran's I of 0.23 and the highest z-score of 7.2. Despite seasonal fluctuations, most Dubas bug hotspots were located in the southern parts of the study area. Thus, the infestations caused the greatest damage to palm tree farms in interior areas between mountains, away from the coastal plains. Dubas bugs were found in high-density clusters in the south of Sohar and Al Khaburah and in the southwest of Al Rustaq during the 2017 and 2018 spring generations. By observing statistically significant changes in infection clustering patterns, entomologists can assess the prevalence of infestation using spatial information techniques.</subfield></datafield><datafield tag="592" ind1=" " ind2=" "><subfield code="a">Publisher supplied data</subfield></datafield><datafield tag="593" ind1=" " ind2=" "><subfield code="a">PubAg article</subfield></datafield><datafield tag="650" ind1=" " ind2="3"><subfield code="a">autumn</subfield></datafield><datafield tag="650" ind1=" " ind2="3"><subfield code="a">cold</subfield></datafield><datafield tag="650" ind1=" " ind2="3"><subfield code="a">spatial data</subfield></datafield><datafield tag="650" ind1=" " ind2="3"><subfield code="a">spring</subfield></datafield><datafield tag="651" ind1=" " ind2="3"><subfield code="a">Oman</subfield></datafield><datafield tag="653" ind1=" " ind2="0"><subfield code="a">Dubas bug</subfield></datafield><datafield tag="653" ind1=" " ind2="0"><subfield code="a">GIS</subfield></datafield><datafield tag="653" ind1=" " ind2="0"><subfield code="a">Remote sensing</subfield></datafield><datafield tag="653" ind1=" " ind2="0"><subfield code="a">Prevalence</subfield></datafield><datafield tag="653" ind1=" " ind2="0"><subfield code="a">NDVI</subfield></datafield><datafield tag="653" ind1=" " ind2="0"><subfield code="a">Oman</subfield></datafield><datafield tag="700" ind1="1" ind2=" "><subfield code="a">Alabri, Zahra</subfield><subfield code="e">author</subfield><subfield code="u">UNESCO Chair on Aflaj Studies, Arc-haeohydrology, University of Nizwa, Nizwa, Oman</subfield><subfield code="1">https://orcid.org/0000-0002-4751-3474</subfield></datafield><datafield tag="700" ind1="1" ind2=" "><subfield code="a">Al-Farsi, Mohammed</subfield><subfield code="e">author</subfield><subfield code="u">Chair of Materials Science and Metallurgy, University of Nizwa, Nizwa, Oman</subfield></datafield><datafield tag="773" ind1="0" ind2=" "><subfield code="t">Remote sensing applications.</subfield><subfield code="g">2022 Nov., v. 28 p.100814-</subfield><subfield code="d">Elsevier B.V.</subfield><subfield code="w">Journal:23329</subfield><subfield code="x">2352-9385</subfield><subfield code="7">nnas</subfield></datafield><datafield tag="787" ind1="1" ind2=" "><subfield code="o">islandora_article_repository</subfield></datafield><datafield tag="787" ind1="1" ind2=" "><subfield code="o">product_pubag</subfield></datafield><datafield tag="787" ind1="1" ind2=" "><subfield code="o">(Journal)23329</subfield></datafield><datafield tag="856" ind1="4" ind2="0"><subfield code="u">https://dx.doi.org/10.1/j.rsase.2022.100814</subfield><subfield code="3">Available from publisher's site</subfield></datafield><datafield tag="912" ind1=" " ind2=" "><subfield code="a">Article</subfield></datafield><datafield tag="914" ind1=" " ind2=" "><subfield code="a">Journal:23329</subfield><subfield code="b">2352-9385</subfield><subfield code="e">100814</subfield></datafield><datafield tag="914" ind1=" " ind2=" "><subfield code="f">Remote sensing applications</subfield></datafield><datafield tag="916" ind1=" " ind2=" "><subfield code="a">Batch:10266</subfield></datafield><datafield tag="917" ind1=" " ind2=" "><subfield code="a">issued</subfield></datafield><datafield tag="918" ind1="2" ind2=" "><subfield code="a">Elsevier Consyn</subfield><subfield code="e">provider</subfield><subfield code="5">DNAL</subfield></datafield><datafield tag="935" ind1=" " ind2=" "><subfield code="a">IND607889460</subfield><subfield code="9">ExL</subfield></datafield><datafield tag="949" ind1=" " ind2=" "><subfield code="a">2022-08-16</subfield></datafield><datafield tag="953" ind1=" " ind2=" "><subfield code="a">/data/metadata/incoming/consyn/181762845728592837-00004-HEAD-ONLY-NEW CONSYN ISSNS.ZIP</subfield></datafield><datafield tag="954" ind1=" " ind2=" "><subfield code="a">file:/data/metadata/staging/consyn/S2352938522001227.xml</subfield></datafield><datafield tag="955" ind1=" " ind2=" "><subfield code="a">/data/metadata/staging/consyn/</subfield></datafield><datafield tag="974" ind1=" " ind2=" "><subfield code="a">agid:7889460</subfield></datafield><datafield tag="983" ind1=" " ind2=" "><subfield code="a">2022-08-24</subfield></datafield><datafield tag="984" ind1=" " ind2=" "><subfield code="a">2022-08-24</subfield></datafield></record>