<record><leader>02384nab a2200433 u 4500</leader><controlfield tag="001">9915904136707426</controlfield><controlfield tag="005">20221116160140.0</controlfield><controlfield tag="008">920714e199109 xx |||||o|||||||||||eng||</controlfield><datafield tag="" ind1="7" ind2=" "><subfield code="a">IND92044044</subfield><subfield code="2">DNAL</subfield></datafield><datafield tag="035" ind1=" " ind2=" "><subfield code="a">agid:1613747-01nal_inst</subfield></datafield><datafield tag="040" ind1=" " ind2=" "><subfield code="a">AGL</subfield><subfield code="b">eng</subfield><subfield code="c">AGL</subfield></datafield><datafield tag="100" ind1="1" ind2=" "><subfield code="a">Liebhold, A.M.</subfield></datafield><datafield tag="245" ind1="1" ind2="0"><subfield code="a">Does larval dispersal cause the expansion of gypsy moth outbreaks?</subfield></datafield><datafield tag="300" ind1=" " ind2=" "><subfield code="a">p. 95-98.</subfield></datafield><datafield tag="520" ind1=" " ind2=" "><subfield code="a">Pest managers often suggest that gypsy moth outbreaks spread from one area to another. An example of this concept is the so-called "focal area" theory. Under this theory, outbreaks start in small, specific areas (foci) and expand out into larger, concentric zones about this area in successive years. The hypothesized mechanism for this expansion is dispersal of first instar larvae. A simple simulation model was developed to describe the role of dispersal and biomodal density-dependent mortality in the spatial dynamics of gypsy moth densities. Using this model, it was impossible to explain large-scale expansion of outbreaks from foci. Thus, dispersal is an unlikely cause of the commonly observed expansion of defoliated areas. Instead, we hypothesize that these patterns are caused by the spatial distribution of resistant tree stands and that, on a regional scale, spatially separate populations operate largely independently Of one another. This conclusion suggests that suppressing populations in one area is unlikely to have an affect on the development of outbreaks in adjacent areas.</subfield></datafield><datafield tag="650" ind1=" " ind2="3"><subfield code="a">Lymantria dispar</subfield></datafield><datafield tag="650" ind1=" " ind2="3"><subfield code="a">larvae</subfield></datafield><datafield tag="650" ind1=" " ind2="3"><subfield code="a">population density</subfield></datafield><datafield tag="650" ind1=" " ind2="3"><subfield code="a">simulation models</subfield></datafield><datafield tag="653" ind1=" " ind2="0"><subfield code="a">spread</subfield></datafield><datafield tag="653" ind1=" " ind2="0"><subfield code="a">dispersal</subfield></datafield><datafield tag="653" ind1=" " ind2="0"><subfield code="a">focal area theory</subfield></datafield><datafield tag="700" ind1="1" ind2=" "><subfield code="a">McManus, M.L.</subfield></datafield><datafield tag="773" ind1="0" ind2=" "><subfield code="t">Northern journal of applied forestry.</subfield><subfield code="g">1991 Sept., v. 8, no. 3 p.95-98</subfield><subfield code="x">0742-6348</subfield><subfield code="7">nnas</subfield></datafield><datafield tag="787" ind1="1" ind2=" "><subfield code="o">islandora_article_repository</subfield></datafield><datafield tag="787" ind1="1" ind2=" "><subfield code="o">(Journal)21030</subfield></datafield><datafield tag="852" ind1=" " ind2=" "><subfield code="a">DNAL</subfield></datafield><datafield tag="912" ind1=" " ind2=" "><subfield code="a">Article</subfield></datafield><datafield tag="914" ind1=" " ind2=" "><subfield code="a">Journal:21030</subfield></datafield><datafield tag="914" ind1=" " ind2=" "><subfield code="f">North J Appl For</subfield></datafield><datafield tag="917" ind1=" " ind2=" "><subfield code="a">issued</subfield></datafield><datafield tag="935" ind1=" " ind2=" "><subfield code="a">IND92044044</subfield><subfield code="9">ExL</subfield></datafield><datafield tag="939" ind1=" " ind2=" "><subfield code="a">00000000</subfield><subfield code="b">19931102</subfield><subfield code="c">00000000</subfield></datafield><datafield tag="946" ind1=" " ind2=" "><subfield code="a">Other US</subfield></datafield><datafield tag="952" ind1=" " ind2=" "><subfield code="a">00000000 19931102 00000000</subfield></datafield><datafield tag="974" ind1=" " ind2=" "><subfield code="a">agid:1613747</subfield></datafield><datafield tag="984" ind1=" " ind2=" "><subfield code="a">2014-12-25</subfield></datafield><datafield tag="985" ind1=" " ind2=" "><subfield code="a">Converted from MARCXML to MODS version 3.4 using MARC21slim2MODS3-4.xsl (Revision 1.95 2014/04/23)</subfield></datafield><datafield tag="986" ind1=" " ind2=" "><subfield code="a">2903590</subfield></datafield></record>