<record><leader>03998nab a2200757 u 4500</leader><controlfield tag="001">9915904316607426</controlfield><controlfield tag="005">20221116162527.0</controlfield><controlfield tag="008">190411e201306 xx |||||o|||||||||||eng||</controlfield><datafield tag="" ind1="7" ind2=" "><subfield code="a">IND600828280</subfield><subfield code="2">DNAL</subfield></datafield><datafield tag="024" ind1="7" ind2=" "><subfield code="a">23499614</subfield><subfield code="2">pmid</subfield></datafield><datafield tag="024" ind1="7" ind2=" "><subfield code="a">10.1/j.ympev.2013.02.023</subfield><subfield code="2">doi</subfield></datafield><datafield tag="035" ind1=" " ind2=" "><subfield code="a">agid:828280-01nal_inst</subfield></datafield><datafield tag="040" ind1=" " ind2=" "><subfield code="a">AGL</subfield><subfield code="b">eng</subfield><subfield code="c">AGL</subfield></datafield><datafield tag="100" ind1="1" ind2=" "><subfield code="a">Oliver, Lauren A.</subfield><subfield code="e">author</subfield><subfield code="u">Department of Biological Sciences, Museum of Natural Science, 119 Foster Hall, Louisiana State University, Baton Rouge, LA 70803, USA</subfield></datafield><datafield tag="245" ind1="1" ind2="0"><subfield code="a">Phylogeny and phylogeography of Mantophryne (Anura: Microhylidae) reveals cryptic diversity in New Guinea</subfield></datafield><datafield tag="300" ind1=" " ind2=" "><subfield code="a">p. 600-607.</subfield></datafield><datafield tag="520" ind1=" " ind2=" "><subfield code="a">New Guinea is one of five high biodiversity wilderness areas, and frog diversity is exceptionally large, with more than 400 species described to date. The microhylid frog genus Mantophryne is endemic to New Guinea and consists of four species, three of which have narrow geographic distributions and a fourth, M. lateralis, with a broad range that spans the eastern half of the island. Here, we sequence 104 Mantophryne samples for three mitochondrial and three nuclear loci to reconstruct the first phylogeny of the genus and to examine spatial patterns of diversity within M. lateralis. Results indicate that the wide-ranging M. lateralis is composed of at least nine geographically separated and well-supported lineages that represent putative species. Biogeographic analysis suggests that Mantophryne evolved on the eastern Papuan peninsula with subsequent dispersal westward, as well as overwater dispersal events to the Louisiade and D’Entrecasteaux archipelagos.</subfield></datafield><datafield tag="592" ind1=" " ind2=" "><subfield code="a">Publisher supplied data</subfield></datafield><datafield tag="593" ind1=" " ind2=" "><subfield code="a">PubAg article</subfield></datafield><datafield tag="650" ind1=" " ind2="3"><subfield code="a">Anura</subfield></datafield><datafield tag="650" ind1=" " ind2="3"><subfield code="a">biodiversity</subfield></datafield><datafield tag="650" ind1=" " ind2="3"><subfield code="a">frogs</subfield></datafield><datafield tag="650" ind1=" " ind2="3"><subfield code="a">loci</subfield></datafield><datafield tag="650" ind1=" " ind2="3"><subfield code="a">phylogeny</subfield></datafield><datafield tag="650" ind1=" " ind2="3"><subfield code="a">phylogeography</subfield></datafield><datafield tag="650" ind1=" " ind2="3"><subfield code="a">wilderness</subfield></datafield><datafield tag="650" ind1=" " ind2="2"><subfield code="a">Animals</subfield></datafield><datafield tag="650" ind1=" " ind2="2"><subfield code="a">Anura</subfield><subfield code="x">classification</subfield><subfield code="x">genetics</subfield></datafield><datafield tag="650" ind1=" " ind2="2"><subfield code="a">Biodiversity</subfield></datafield><datafield tag="650" ind1=" " ind2="2"><subfield code="a">Genes, Mitochondrial</subfield></datafield><datafield tag="650" ind1=" " ind2="2"><subfield code="a">Genetic Loci</subfield></datafield><datafield tag="650" ind1=" " ind2="2"><subfield code="a">Genetic Variation</subfield></datafield><datafield tag="650" ind1=" " ind2="2"><subfield code="a">Molecular Sequence Data</subfield></datafield><datafield tag="650" ind1=" " ind2="2"><subfield code="a">Phylogeny</subfield></datafield><datafield tag="650" ind1=" " ind2="2"><subfield code="a">Phylogeography</subfield></datafield><datafield tag="651" ind1=" " ind2="3"><subfield code="a">New Guinea</subfield></datafield><datafield tag="651" ind1=" " ind2="0"><subfield code="a">New Guinea</subfield></datafield><datafield tag="653" ind1=" " ind2="0"><subfield code="a">Amphibian</subfield></datafield><datafield tag="653" ind1=" " ind2="0"><subfield code="a">Anura</subfield></datafield><datafield tag="653" ind1=" " ind2="0"><subfield code="a">Asterophryinae</subfield></datafield><datafield tag="653" ind1=" " ind2="0"><subfield code="a">Biodiversity</subfield></datafield><datafield tag="653" ind1=" " ind2="0"><subfield code="a">Microhylidae</subfield></datafield><datafield tag="653" ind1=" " ind2="0"><subfield code="a">Species tree</subfield></datafield><datafield tag="700" ind1="1" ind2=" "><subfield code="a">Rittmeyer, Eric N.</subfield><subfield code="e">author</subfield><subfield code="u">Department of Biological Sciences, Museum of Natural Science, 119 Foster Hall, Louisiana State University, Baton Rouge, LA 70803, USA</subfield></datafield><datafield tag="700" ind1="1" ind2=" "><subfield code="a">Kraus, Fred</subfield><subfield code="e">author</subfield><subfield code="u">Bernice P. Bishop Museum, 1525 Bernice Street, Honolulu, HI 96817, USA</subfield></datafield><datafield tag="700" ind1="1" ind2=" "><subfield code="a">Richards, Stephen J.</subfield><subfield code="e">author</subfield><subfield code="u">Department of Terrestrial Vertebrates, Museum and Art Gallery of the Northern Territory, GPO Box 4646, Darwin, NT 0801, Australia</subfield></datafield><datafield tag="700" ind1="1" ind2=" "><subfield code="a">Austin, Christopher C.</subfield><subfield code="e">author</subfield><subfield code="u">Department of Biological Sciences, Museum of Natural Science, 119 Foster Hall, Louisiana State University, Baton Rouge, LA 70803, USA</subfield></datafield><datafield tag="773" ind1="0" ind2=" "><subfield code="t">Molecular phylogenetics and evolution.</subfield><subfield code="g">2013 June, v. 67, no. 3 p.600-607</subfield><subfield code="d">Elsevier Inc.</subfield><subfield code="w">Journal:jnl3945168</subfield><subfield code="x">1055-7903</subfield><subfield code="7">nnas</subfield></datafield><datafield tag="787" ind1="1" ind2=" "><subfield code="o">islandora_article_repository</subfield></datafield><datafield tag="787" ind1="1" ind2=" "><subfield code="o">product_pubag</subfield></datafield><datafield tag="787" ind1="1" ind2=" "><subfield code="o">(Journal)jnl3945168</subfield></datafield><datafield tag="856" ind1="4" ind2="0"><subfield code="u">https://dx.doi.org/10.1/j.ympev.2013.02.023</subfield><subfield code="3">Available from publisher's site</subfield></datafield><datafield tag="912" ind1=" " ind2=" "><subfield code="a">Article</subfield></datafield><datafield tag="914" ind1=" " ind2=" "><subfield code="a">Journal:jnl3945168</subfield><subfield code="b">1055-7903</subfield><subfield code="c">67</subfield><subfield code="d">3</subfield><subfield code="e">600</subfield></datafield><datafield tag="914" ind1=" " ind2=" "><subfield code="f">Molecular phylogenetics and evolution</subfield></datafield><datafield tag="916" ind1=" " ind2=" "><subfield code="a">Batch:797</subfield></datafield><datafield tag="917" ind1=" " ind2=" "><subfield code="a">issued</subfield></datafield><datafield tag="918" ind1="2" ind2=" "><subfield code="a">Elsevier Consyn</subfield><subfield code="e">provider</subfield><subfield code="5">DNAL</subfield></datafield><datafield tag="935" ind1=" " ind2=" "><subfield code="a">IND600828280</subfield><subfield code="9">ExL</subfield></datafield><datafield tag="949" ind1=" " ind2=" "><subfield code="a">2019-04-11</subfield></datafield><datafield tag="953" ind1=" " ind2=" "><subfield code="a" >/data/metadata/incoming/consyn-backfiles/46-2-00093-HEAD-ONLY.zip</subfield></datafield><datafield tag="954" ind1=" " ind2=" "><subfield code="a" >file:/data/metadata/staging/consyn-backfiles/S1055790313000808.xml</subfield></datafield><datafield tag="955" ind1=" " ind2=" "><subfield code="a">/data/metadata/staging/consyn-backfiles/</subfield></datafield><datafield tag="974" ind1=" " ind2=" "><subfield code="a">agid:828280</subfield></datafield><datafield tag="983" ind1=" " ind2=" "><subfield code="a">2019-04-11</subfield></datafield><datafield tag="984" ind1=" " ind2=" "><subfield code="a">2019-04-11</subfield></datafield></record>