<record><leader>04064nab a2200613 u 4500</leader><controlfield tag="001">9915904559107426</controlfield><controlfield tag="005">20221116162429.0</controlfield><controlfield tag="008">141101e201207 xx |||||o|||||||||||eng||</controlfield><datafield tag="" ind1="7" ind2=" "><subfield code="a">IND600843811</subfield><subfield code="2">DNAL</subfield></datafield><datafield tag="024" ind1="7" ind2=" "><subfield code="a">10.1/j.ecoleng.2012.03.018</subfield><subfield code="2">doi</subfield></datafield><datafield tag="035" ind1=" " ind2=" "><subfield code="a">agid:843811-01nal_inst</subfield></datafield><datafield tag="040" ind1=" " ind2=" "><subfield code="a">AGL</subfield><subfield code="b">eng</subfield><subfield code="c">AGL</subfield></datafield><datafield tag="100" ind1="1" ind2=" "><subfield code="a">Zhao, Zhongqiu</subfield><subfield code="e">author</subfield><subfield code="u">School of Land Science and Technology, China University of Geosciences, Beijing 100083, PR China; Key Laboratory of Land Consolidation and Rehabilitation, the Ministry of Land and Resources, Beijing 100035, PR China</subfield></datafield><datafield tag="245" ind1="1" ind2="0"><subfield code="a">Population structure and spatial distributions patterns of 17 years old plantation in a reclaimed spoil of Pingshuo opencast mine, China</subfield></datafield><datafield tag="300" ind1=" " ind2=" "><subfield code="a">p. 147-151.</subfield></datafield><datafield tag="520" ind1=" " ind2=" "><subfield code="a">Afforestation of native-tree species is often recommended for ecological restoration, but the understanding of ecological processes of restored vegetation is limited. We investigated the population structure and spatial distribution patterns of restored forest in mine spoil of Pingshuo opencast mine, Shanxi Province, China. After 17 years’ development, three planted species (ROPS, ULPU and AIAL) showed significant aggregation although they were regularly distributed at plantation and characterized with great variability in abundance (from 570 to 1817) although they had equal density at plantation. ROPS became the dominant species, especially in the naturally regenerated medium individuals with 3&lt;DBH≤7. On the contrary, the abundance of medium individuals of ULPU was very low although there's a very high number of small individuals with DBH≤3, indicating a very low survival rate of ULPU seedlings. The difference in survival rate of planting trees and natural regeneration observed in the plot suggested that the environmental adaptability of three species in this area may differ markedly, and therefore, differing species planting pattern may improve the population structure and reduce the economic investment for spoil reclamation.</subfield></datafield><datafield tag="592" ind1=" " ind2=" "><subfield code="a">Publisher supplied data</subfield></datafield><datafield tag="593" ind1=" " ind2=" "><subfield code="a">PubAg article</subfield></datafield><datafield tag="650" ind1=" " ind2="3"><subfield code="a">afforestation</subfield></datafield><datafield tag="650" ind1=" " ind2="3"><subfield code="a">ecological restoration</subfield></datafield><datafield tag="650" ind1=" " ind2="3"><subfield code="a">economic investment</subfield></datafield><datafield tag="650" ind1=" " ind2="3"><subfield code="a">forests</subfield></datafield><datafield tag="650" ind1=" " ind2="3"><subfield code="a">mine spoil</subfield></datafield><datafield tag="650" ind1=" " ind2="3"><subfield code="a">natural regeneration</subfield></datafield><datafield tag="650" ind1=" " ind2="3"><subfield code="a">planting</subfield></datafield><datafield tag="650" ind1=" " ind2="3"><subfield code="a">population structure</subfield></datafield><datafield tag="650" ind1=" " ind2="3"><subfield code="a">seedlings</subfield></datafield><datafield tag="650" ind1=" " ind2="3"><subfield code="a">survival rate</subfield></datafield><datafield tag="650" ind1=" " ind2="3"><subfield code="a">trees</subfield></datafield><datafield tag="651" ind1=" " ind2="3"><subfield code="a">China</subfield></datafield><datafield tag="700" ind1="1" ind2=" "><subfield code="a">Bai, Zhongke</subfield><subfield code="e">author</subfield><subfield code="u">School of Land Science and Technology, China University of Geosciences, Beijing 100083, PR China; Key Laboratory of Land Consolidation and Rehabilitation, the Ministry of Land and Resources, Beijing 100035, PR China</subfield></datafield><datafield tag="700" ind1="1" ind2=" "><subfield code="a">Zhang, Zhao</subfield><subfield code="e">author</subfield><subfield code="u">School of Land Science and Technology, China University of Geosciences, Beijing 100083, PR China</subfield></datafield><datafield tag="700" ind1="1" ind2=" "><subfield code="a">Guo, Donggang</subfield><subfield code="e">author</subfield><subfield code="u">The college of Environment Sciences and Resources, Shanxi University, PR China</subfield></datafield><datafield tag="700" ind1="1" ind2=" "><subfield code="a">Li, Jinchuan</subfield><subfield code="e">author</subfield><subfield code="u">Biology Institute of Shanxi, Taiyuan 030006, PR China</subfield></datafield><datafield tag="700" ind1="1" ind2=" "><subfield code="a">Xu, Zhiguo</subfield><subfield code="e">author</subfield><subfield code="u">School of Land Science and Technology, China University of Geosciences, Beijing 100083, PR China</subfield></datafield><datafield tag="700" ind1="1" ind2=" "><subfield code="a">Pan, Ziguan</subfield><subfield code="e">author</subfield><subfield code="u">School of Land Science and Technology, China University of Geosciences, Beijing 100083, PR China</subfield></datafield><datafield tag="773" ind1="0" ind2=" "><subfield code="t">Ecological engineering.</subfield><subfield code="g">2012 July, v. 44 p.147-151</subfield><subfield code="d">Elsevier B.V.</subfield><subfield code="x">0925-8574</subfield><subfield code="7">nnas</subfield></datafield><datafield tag="787" ind1="1" ind2=" "><subfield code="o">islandora_article_repository</subfield></datafield><datafield tag="787" ind1="1" ind2=" "><subfield code="o">product_pubag</subfield></datafield><datafield tag="787" ind1="1" ind2=" "><subfield code="o">(Journal)11630</subfield></datafield><datafield tag="856" ind1="4" ind2="0"><subfield code="u">http://dx.doi.org/10.1/j.ecoleng.2012.03.018</subfield><subfield code="3">Available from publisher's site</subfield></datafield><datafield tag="912" ind1=" " ind2=" "><subfield code="a">Article</subfield></datafield><datafield tag="914" ind1=" " ind2=" "><subfield code="a">Journal:11630</subfield><subfield code="b">0925-8574</subfield><subfield code="c">44</subfield><subfield code="e">147</subfield></datafield><datafield tag="914" ind1=" " ind2=" "><subfield code="f">Ecological engineering</subfield></datafield><datafield tag="916" ind1=" " ind2=" "><subfield code="a">Batch:1128</subfield></datafield><datafield tag="917" ind1=" " ind2=" "><subfield code="a">issued</subfield></datafield><datafield tag="918" ind1="2" ind2=" "><subfield code="a">Elsevier B.V.</subfield><subfield code="e">provider</subfield><subfield code="5">DNAL</subfield></datafield><datafield tag="935" ind1=" " ind2=" "><subfield code="a">IND600843811</subfield><subfield code="9">ExL</subfield></datafield><datafield tag="949" ind1=" " ind2=" "><subfield code="a">2015-12-14</subfield></datafield><datafield tag="953" ind1=" " ind2=" "><subfield code="a">NAL19690092585740044000C.xml</subfield></datafield><datafield tag="962" ind1=" " ind2=" "><subfield code="a">Batch:1128 reviewed on 2015-12-14T12:00:03Z</subfield></datafield><datafield tag="974" ind1=" " ind2=" "><subfield code="a">agid:843811</subfield></datafield><datafield tag="983" ind1=" " ind2=" "><subfield code="a">2014-11-01</subfield></datafield><datafield tag="984" ind1=" " ind2=" "><subfield code="a">2015-12-14</subfield></datafield></record>