<record><leader>03630nab a2200589 u 4500</leader><controlfield tag="001">9915904629607426</controlfield><controlfield tag="005">20221116162713.0</controlfield><controlfield tag="008">210514e20210217xx |||||o|||||||||||eng||</controlfield><datafield tag="" ind1="7" ind2=" "><subfield code="a">IND607371795</subfield><subfield code="2">DNAL</subfield></datafield><datafield tag="024" ind1="7" ind2=" "><subfield code="a">10.1080/10549811.2020.1746914</subfield><subfield code="2">doi</subfield></datafield><datafield tag="035" ind1=" " ind2=" "><subfield code="a">agid:7371795-01nal_inst</subfield></datafield><datafield tag="040" ind1=" " ind2=" "><subfield code="a">AGL</subfield><subfield code="b">eng</subfield><subfield code="c">AGL</subfield></datafield><datafield tag="100" ind1="1" ind2=" "><subfield code="a">Chen, Xiongwen</subfield><subfield code="e">author</subfield><subfield code="u">Department of Biological and Environmental Sciences, Alabama A &amp; M University, Normal, Alabama, USA</subfield></datafield><datafield tag="245" ind1="1" ind2="0"><subfield code="a">Burstiness of Seed Production in Longleaf Pine and Chinese Torreya</subfield></datafield><datafield tag="300" ind1=" " ind2=" "><subfield code="a">p. 188-196.</subfield></datafield><datafield tag="500" ind1=" " ind2=" "><subfield code="a">NAL-AP-2-clean</subfield></datafield><datafield tag="520" ind1=" " ind2=" "><subfield code="a">Different trees may have different seed production behaviors. Understanding the spatial and temporal patterns in seed production is important for sustainable forest management. A common feature in many complex systems is burstiness in their activity patterns. Burstiness is defined here as intermittent seed production. We studied burstiness in the seed (cone) production of longleaf pine (Pinus palustris) and Chinese Torreya (Torreya grandis) for the first time. Results indicated that burstiness characterized the seed production for both tree species. Burstiness ranged between low negative and low positive values and varied by species and locations. Generally, there existed scaling relationships between seed production and average inter-event years for both species, but the scaling exponents were different at locations. The average inter-event time was long for episodes of high seed production. These results suggest that complex seed production systems may be governed by some generic principles. Understanding burstiness in tree seed production may provide new knowledge about tree growth dynamics and their reproduction behaviors. This would be useful in sustainable forest management for estimating when the next high seed production episode is likely to occur and identifying sites with a short inter-event time for high seed production.</subfield></datafield><datafield tag="592" ind1=" " ind2=" "><subfield code="a">Publisher supplied data</subfield></datafield><datafield tag="593" ind1=" " ind2=" "><subfield code="a">PubAg article</subfield></datafield><datafield tag="596" ind1=" " ind2=" "><subfield code="a">1008643</subfield></datafield><datafield tag="650" ind1=" " ind2="3"><subfield code="a">Pinus palustris</subfield></datafield><datafield tag="650" ind1=" " ind2="3"><subfield code="a">Torreya grandis</subfield></datafield><datafield tag="650" ind1=" " ind2="3"><subfield code="a">reproduction</subfield></datafield><datafield tag="650" ind1=" " ind2="3"><subfield code="a">sustainable forestry</subfield></datafield><datafield tag="650" ind1=" " ind2="3"><subfield code="a">tree growth</subfield></datafield><datafield tag="650" ind1=" " ind2="3"><subfield code="a">trees</subfield></datafield><datafield tag="653" ind1=" " ind2="0"><subfield code="a">Average inter-event time</subfield></datafield><datafield tag="653" ind1=" " ind2="0"><subfield code="a">scaling relationship</subfield></datafield><datafield tag="653" ind1=" " ind2="0"><subfield code="a">seed production system</subfield></datafield><datafield tag="653" ind1=" " ind2="0"><subfield code="a">sustainable forest management</subfield></datafield><datafield tag="700" ind1="1" ind2=" "><subfield code="a">Brockway, Dale G.</subfield><subfield code="e">author</subfield><subfield code="u">USDA Forest Service, Southern Research Station, Auburn, Alabama, USA</subfield></datafield><datafield tag="700" ind1="1" ind2=" "><subfield code="a">Guo, Qinfeng</subfield><subfield code="e">author</subfield><subfield code="u">USDA Forest Service, Eastern Forest Environmental Threat Assessment Center, Asheville, North Carolina, USA</subfield></datafield><datafield tag="773" ind1="0" ind2=" "><subfield code="t">Journal of sustainable forestry.</subfield><subfield code="g">2021 Feb. 17, v. 40, no. 2 p.188-196</subfield><subfield code="d">Taylor &amp; Francis</subfield><subfield code="w">Journal:jnl48967</subfield><subfield code="x">1540-756X</subfield><subfield code="7">nnas</subfield></datafield><datafield tag="787" ind1="1" ind2=" "><subfield code="o">islandora_article_repository</subfield></datafield><datafield tag="787" ind1="1" ind2=" "><subfield code="o">product_pubag</subfield></datafield><datafield tag="787" ind1="1" ind2=" "><subfield code="o">(Journal)jnl48967</subfield></datafield><datafield tag="856" ind1="4" ind2="0"><subfield code="u">http://dx.doi.org/10.1080/10549811.2020.1746914</subfield><subfield code="3">Available from publisher's site</subfield></datafield><datafield tag="912" ind1=" " ind2=" "><subfield code="a">Article</subfield></datafield><datafield tag="914" ind1=" " ind2=" "><subfield code="a">Journal:jnl48967</subfield><subfield code="b">1540-756X</subfield><subfield code="c">40</subfield><subfield code="d">2</subfield><subfield code="e">188</subfield></datafield><datafield tag="914" ind1=" " ind2=" "><subfield code="f">Journal of sustainable forestry</subfield></datafield><datafield tag="916" ind1=" " ind2=" "><subfield code="a">Batch:10120</subfield></datafield><datafield tag="917" ind1=" " ind2=" "><subfield code="a">issued</subfield></datafield><datafield tag="918" ind1="2" ind2=" "><subfield code="a">Taylor &amp; Francis Group</subfield><subfield code="e">provider</subfield><subfield code="5">DNAL</subfield></datafield><datafield tag="935" ind1=" " ind2=" "><subfield code="a">IND607371795</subfield><subfield code="9">ExL</subfield></datafield><datafield tag="949" ind1=" " ind2=" "><subfield code="a">2021-07-16</subfield></datafield><datafield tag="953" ind1=" " ind2=" "><subfield code="a" >/data/metadata/incoming/taylorfrancis/wjsf20_wjsf20.v040.i02_20210511042612#24602143.zip</subfield></datafield><datafield tag="954" ind1=" " ind2=" "><subfield code="a" >file:/data/metadata/staging/taylorfrancis/10549811.2020.1746914.xml</subfield></datafield><datafield tag="955" ind1=" " ind2=" "><subfield code="a">/data/metadata/staging/taylorfrancis/</subfield></datafield><datafield tag="961" ind1=" " ind2=" "><subfield code="a">USDA/FS</subfield></datafield><datafield tag="974" ind1=" " ind2=" "><subfield code="a">agid:7371795</subfield></datafield><datafield tag="983" ind1=" " ind2=" "><subfield code="a">2021-05-14</subfield></datafield><datafield tag="984" ind1=" " ind2=" "><subfield code="a">2021-07-16</subfield></datafield></record>