<record><leader>04691nab a2200697 u 4500</leader><controlfield tag="001">9915904662207426</controlfield><controlfield tag="005">20221116162710.0</controlfield><controlfield tag="008">041129s2003 xx |||||o|||||||||||eng||</controlfield><datafield tag="" ind1="7" ind2=" "><subfield code="a">IND43658293</subfield><subfield code="2">DNAL</subfield></datafield><datafield tag="035" ind1=" " ind2=" "><subfield code="a">agid:675970-01nal_inst</subfield></datafield><datafield tag="040" ind1=" " ind2=" "><subfield code="a">AGL</subfield><subfield code="b">eng</subfield><subfield code="c">AGL</subfield></datafield><datafield tag="072" ind1=" " ind2="0"><subfield code="a">F300</subfield></datafield><datafield tag="072" ind1=" " ind2="0"><subfield code="a">K001</subfield></datafield><datafield tag="072" ind1=" " ind2="0"><subfield code="a">K110</subfield></datafield><datafield tag="100" ind1="1" ind2=" "><subfield code="a">Homma, K.</subfield></datafield><datafield tag="245" ind1="1" ind2="0"><subfield code="a">Regeneration processes of a boreal forest in Kamchatka with special reference to the contribution of sprouting to population maintenance</subfield></datafield><datafield tag="300" ind1=" " ind2=" "><subfield code="a">p. 25-35.</subfield></datafield><datafield tag="500" ind1=" " ind2=" "><subfield code="a">Includes references</subfield></datafield><datafield tag="500" ind1=" " ind2=" "><subfield code="a">2019-12-06</subfield></datafield><datafield tag="520" ind1=" " ind2=" "><subfield code="a">We studied regeneration patterns of three tree species Picea ajanensis, Betula platyphylla and Populus tremula from 1998 to 2000 in the Central Depression of the Kamchatka Peninsula. We paid special attention to the contribution of sprouting to their regeneration. P. ajanensis was the only species that regenerated by seedling. In a 40 x 40 m study plot, the density of P. ajanensis saplings &lt; 2.0 cm in diameter at basal area (DBH) was 1132, and this was the highest among the three species studied. The number of saplings &gt;or= 2 cm in DBH declined sharply with size class. The spatial distribution of P. ajanensis saplings (&lt; 2 cm in DBH) showed a significant positive correlation with that of adult trees and a negative correlation with that of gaps. These trends were not changed after re-measurement in 2000, although nearly half of the juveniles had died or been injured during the two years. These results suggest that small Picea saplings prefer habitats under the canopy of adult trees rather than in gaps for establishment. Most small individuals of B. platyphylla were produced from sprouts. The number of saplings in the smallest size class (&lt; 2 cm in DBH) was much less than that of P. ajanensis, although the number of larger individuals did not decrease remarkably. The spatial distribution of B. platyphylla saplings showed a positive correlation with that of adult trunks and a negative correlation with that of canopy trees of P. ajanensis. These results suggest an effective contribution of sprouts to the regeneration of B. platyphylla. P. tremula was the only species that could invade big gaps and produce many root suckers efficiently. There were 181 suckers of P. tremula in the smallest size class (&lt; 2 cm in DBH) in the study plot, although the number of saplings &gt;or= 2 cm in DBH declined abruptly. The spatial distribution of saplings of this species showed a slight positive correlation with that of gaps, and negative correlation with that of adult trees of B. platyphylla, P. ajanensis, and P. tremula. The root suckering strategy of P. tremula might be adaptive under severe conditions in high-latitude regions. Our data suggest, however, that it does not necessarily contribute to regeneration in mature forests. The three component species in this forest did not seem to utilize canopy gaps for regeneration; we suggest that gap dynamics do not work in this forest. The sparse canopy, which is a typical character of forests in high-latitude regions, might be a consequence of high mortalities of seedlings and root suckers inside gaps.</subfield></datafield><datafield tag="593" ind1=" " ind2=" "><subfield code="a">PubAg article</subfield></datafield><datafield tag="650" ind1=" " ind2="3"><subfield code="a">Populus tremula</subfield></datafield><datafield tag="650" ind1=" " ind2="3"><subfield code="a">forest trees</subfield></datafield><datafield tag="650" ind1=" " ind2="3"><subfield code="a">boreal forests</subfield></datafield><datafield tag="650" ind1=" " ind2="3"><subfield code="a">sprouting</subfield></datafield><datafield tag="650" ind1=" " ind2="3"><subfield code="a">Betula pendula subsp. mandshurica</subfield></datafield><datafield tag="650" ind1=" " ind2="3"><subfield code="a">spatial distribution</subfield></datafield><datafield tag="650" ind1=" " ind2="3"><subfield code="a">canopy gaps</subfield></datafield><datafield tag="650" ind1=" " ind2="3"><subfield code="a">natural regeneration</subfield></datafield><datafield tag="650" ind1=" " ind2="3"><subfield code="a">Picea</subfield></datafield><datafield tag="650" ind1=" " ind2="3"><subfield code="a">stand structure</subfield></datafield><datafield tag="651" ind1=" " ind2="3"><subfield code="a">Russia</subfield></datafield><datafield tag="653" ind1=" " ind2="0"><subfield code="a">sprouts</subfield></datafield><datafield tag="653" ind1=" " ind2="0"><subfield code="a">Betula platyphylla</subfield></datafield><datafield tag="653" ind1=" " ind2="0"><subfield code="a">Picea ajanensis</subfield></datafield><datafield tag="700" ind1="1" ind2=" "><subfield code="a">Takahashi, K.</subfield></datafield><datafield tag="700" ind1="1" ind2=" "><subfield code="a">Hara, T.</subfield></datafield><datafield tag="700" ind1="1" ind2=" "><subfield code="a">Vetrova, V.P.</subfield></datafield><datafield tag="700" ind1="1" ind2=" "><subfield code="a">Vyatkina, M.P.</subfield></datafield><datafield tag="700" ind1="1" ind2=" "><subfield code="a">Florenzev, S.</subfield></datafield><datafield tag="773" ind1="0" ind2=" "><subfield code="t">Plant ecology.</subfield><subfield code="g">2003, v. 166, no. 1 p.25-35</subfield><subfield code="d">Kluwer Academic Publishers</subfield><subfield code="x">1385-0237</subfield><subfield code="7">nnas</subfield></datafield><datafield tag="787" ind1="1" ind2=" "><subfield code="o">islandora_article_repository</subfield></datafield><datafield tag="787" ind1="1" ind2=" "><subfield code="o">product_pubag</subfield></datafield><datafield tag="787" ind1="1" ind2=" "><subfield code="o">(Journal)jnl55230</subfield></datafield><datafield tag="852" ind1=" " ind2=" "><subfield code="a">DNAL</subfield></datafield><datafield tag="856" ind1="4" ind2="0"><subfield code="u">http://www.kluweronline.com/issn/1385-0237/contents</subfield><subfield code="3">Available from publisher's Web site</subfield></datafield><datafield tag="912" ind1=" " ind2=" "><subfield code="a">Article</subfield></datafield><datafield tag="914" ind1=" " ind2=" "><subfield code="a">Journal:jnl55230</subfield><subfield code="b">1385-0237</subfield><subfield code="c">166</subfield><subfield code="d">1</subfield><subfield code="e">25</subfield></datafield><datafield tag="914" ind1=" " ind2=" "><subfield code="f">Plant ecology</subfield></datafield><datafield tag="917" ind1=" " ind2=" "><subfield code="a">issued</subfield></datafield><datafield tag="930" ind1=" " ind2=" "><subfield code="a">20080724</subfield><subfield code="b">20080801</subfield><subfield code="c">00000000</subfield></datafield><datafield tag="935" ind1=" " ind2=" "><subfield code="a">IND43658293</subfield><subfield code="9">ExL</subfield></datafield><datafield tag="945" ind1=" " ind2=" "><subfield code="a">IND</subfield><subfield code="d">GAY</subfield><subfield code="e">2004/12/07</subfield></datafield><datafield tag="946" ind1=" " ind2=" "><subfield code="a">Non-US</subfield></datafield><datafield tag="949" ind1=" " ind2=" "><subfield code="a">2014-07-17</subfield></datafield><datafield tag="952" ind1=" " ind2=" "><subfield code="a">20080724 20080801 00000000</subfield><subfield code="b">IND GAY 2004/12/07</subfield></datafield><datafield tag="962" ind1=" " ind2=" "><subfield code="a">No DOI</subfield></datafield><datafield tag="974" ind1=" " ind2=" "><subfield code="a">agid:675970</subfield></datafield><datafield tag="984" ind1=" " ind2=" "><subfield code="a">2014-07-23</subfield></datafield><datafield tag="985" ind1=" " ind2=" "><subfield code="a">Converted from MARCXML to MODS version 3.4 using MARC21slim2MODS3-4.xsl (Revision 1.95 2014/04/23)</subfield></datafield><datafield tag="986" ind1=" " ind2=" "><subfield code="a">3658293</subfield></datafield></record>