<record><leader>08319nab a2200985 u 4500</leader><controlfield tag="001">9915904725007426</controlfield><controlfield tag="005">20221116162837.0</controlfield><controlfield tag="008">190402e201904 xx |||||o|||||||||||eng||</controlfield><datafield tag="" ind1="7" ind2=" "><subfield code="a">IND606356478</subfield><subfield code="2">DNAL</subfield></datafield><datafield tag="024" ind1="7" ind2=" "><subfield code="a">10.1002/ecy.2636</subfield><subfield code="2">doi</subfield></datafield><datafield tag="035" ind1=" " ind2=" "><subfield code="a">agid:6356478-01nal_inst</subfield></datafield><datafield tag="040" ind1=" " ind2=" "><subfield code="a">AGL</subfield><subfield code="b">eng</subfield><subfield code="c">AGL</subfield></datafield><datafield tag="100" ind1="1" ind2=" "><subfield code="a">Draper, Frederick C.</subfield><subfield code="e">author</subfield><subfield code="u">Center for Global Discovery and Conservation Science, Arizona State University, 975 S. Myrtle Ave Tempe, Arizona, 85281, USA</subfield><subfield code="1">https://orcid.org/0000-0001-7568-0838</subfield></datafield><datafield tag="245" ind1="1" ind2="0"><subfield code="a">Dominant tree species drive beta diversity patterns in western Amazonia</subfield></datafield><datafield tag="500" ind1=" " ind2=" "><subfield code="a">JOURNAL ARTICLE</subfield></datafield><datafield tag="520" ind1=" " ind2=" "><subfield code="a">The forests of western Amazonia are among the most diverse tree communities on Earth, yet this exceptional diversity is distributed highly unevenly within and among communities. In particular, a small number of dominant species account for the majority of individuals, whereas the large majority of species are locally and regionally extremely scarce. By definition, dominant species contribute little to local species richness (alpha diversity), yet the importance of dominant species in structuring patterns of spatial floristic turnover (beta diversity) has not been investigated. Here, using a network of 207 forest inventory plots, we explore the role of dominant species in determining regional patterns of beta diversity (community‐level floristic turnover and distance‐decay relationships) across a range of habitat types in northern lowland Peru. Of the 2,031 recorded species in our data set, only 99 of them accounted for 50% of individuals. Using these 99 species, it was possible to reconstruct the overall features of regional beta diversity patterns, including the location and dispersion of habitat types in multivariate space, and distance‐decay relationships. In fact, our analysis demonstrated that regional patterns of beta diversity were better maintained by the 99 dominant species than by the 1,932 others, whether quantified using species‐abundance data or species presence–absence data. Our results reveal that dominant species are normally common only in a single forest type. Therefore, dominant species play a key role in structuring western Amazonian tree communities, which in turn has important implications, both practically for designing effective protected areas, and more generally for understanding the determinants of beta diversity patterns.</subfield></datafield><datafield tag="592" ind1=" " ind2=" "><subfield code="a">Publisher supplied data</subfield></datafield><datafield tag="593" ind1=" " ind2=" "><subfield code="a">PubAg article</subfield></datafield><datafield tag="596" ind1=" " ind2=" "><subfield code="a">NE/B503384/1</subfield><subfield code="c">Natural Environment Research Council</subfield></datafield><datafield tag="596" ind1=" " ind2=" "><subfield code="a">NE/F005806/1</subfield><subfield code="c">Natural Environment Research Council</subfield></datafield><datafield tag="596" ind1=" " ind2=" "><subfield code="a">NE/J50001X/1</subfield><subfield code="c">Natural Environment Research Council</subfield></datafield><datafield tag="596" ind1=" " ind2=" "><subfield code="a">NER/A/S/2000/0053</subfield><subfield code="c">Natural Environment Research Council</subfield></datafield><datafield tag="596" ind1=" " ind2=" "><subfield code="c">John D. and Catherine T. MacArthur Foundation</subfield></datafield><datafield tag="596" ind1=" " ind2=" "><subfield code="c">Gordon and Betty Moore Foundation</subfield></datafield><datafield tag="596" ind1=" " ind2=" "><subfield code="a">283080</subfield><subfield code="c">Seventh Framework Programme</subfield></datafield><datafield tag="596" ind1=" " ind2=" "><subfield code="a">#5472‐95</subfield><subfield code="c">National Geographic Society</subfield></datafield><datafield tag="596" ind1=" " ind2=" "><subfield code="c">Leonardo DiCaprio Foundation</subfield></datafield><datafield tag="596" ind1=" " ind2=" "><subfield code="c">Royal Society‐Wolfson Research Merit Award</subfield></datafield><datafield tag="596" ind1=" " ind2=" "><subfield code="c">Carnegie Institution for Science and the International Center for Tropical Botany at Florida International University</subfield></datafield><datafield tag="596" ind1=" " ind2=" "><subfield code="a">ANR‐10‐LABX‐25‐01</subfield><subfield code="c">Agence Nationale de la Recherche</subfield></datafield><datafield tag="596" ind1=" " ind2=" "><subfield code="c">ERC Advanced Grant</subfield></datafield><datafield tag="650" ind1=" " ind2="3"><subfield code="a">conservation areas</subfield></datafield><datafield tag="650" ind1=" " ind2="3"><subfield code="a">data collection</subfield></datafield><datafield tag="650" ind1=" " ind2="3"><subfield code="a">dominant species</subfield></datafield><datafield tag="650" ind1=" " ind2="3"><subfield code="a">forest inventory</subfield></datafield><datafield tag="650" ind1=" " ind2="3"><subfield code="a">forest types</subfield></datafield><datafield tag="650" ind1=" " ind2="3"><subfield code="a">habitats</subfield></datafield><datafield tag="650" ind1=" " ind2="3"><subfield code="a">species richness</subfield></datafield><datafield tag="650" ind1=" " ind2="3"><subfield code="a">trees</subfield></datafield><datafield tag="651" ind1=" " ind2="3"><subfield code="a">Amazonia</subfield></datafield><datafield tag="651" ind1=" " ind2="3"><subfield code="a">Peru</subfield></datafield><datafield tag="700" ind1="1" ind2=" "><subfield code="a">Asner, Gregory P.</subfield><subfield code="e">author</subfield><subfield code="u">Center for Global Discovery and Conservation Science, Arizona State University, 975 S. Myrtle Ave Tempe, Arizona, 85281, USA</subfield></datafield><datafield tag="700" ind1="1" ind2=" "><subfield code="a">Honorio Coronado, Eurídice N.</subfield><subfield code="e">author</subfield><subfield code="u">Instituto de Investigaciones de la Amazonía Peruana, Av. Quiñones 0784, Iquitos, Loreto, Peru</subfield></datafield><datafield tag="700" ind1="1" ind2=" "><subfield code="a">Baker, Timothy R.</subfield><subfield code="e">author</subfield><subfield code="u">School of Geography, University of Leeds, Leeds, LS2 9JT, United Kingdom</subfield></datafield><datafield tag="700" ind1="1" ind2=" "><subfield code="a">García‐Villacorta, Roosevelt</subfield><subfield code="e">author</subfield><subfield code="u">Department of Ecology and Evolutionary Biology, Cornell University, E145 Corson Hall, Ithaca, New york, 14853, USA</subfield></datafield><datafield tag="700" ind1="1" ind2=" "><subfield code="a">Pitman, Nigel C. A.</subfield><subfield code="e">author</subfield><subfield code="u">Keller Science Action Center, The Field Museum, 1400 S. Lake Shore Dr, Chicago, Illinois, 60605, USA</subfield></datafield><datafield tag="700" ind1="1" ind2=" "><subfield code="a">Fine, Paul V. A.</subfield><subfield code="e">author</subfield><subfield code="u">Department of Integrative Biology, University of California, 1005 Valley Life Sciences Building #3140 Berkeley, California, 94720, USA</subfield></datafield><datafield tag="700" ind1="1" ind2=" "><subfield code="a">Phillips, Oliver L.</subfield><subfield code="e">author</subfield><subfield code="u">School of Geography, University of Leeds, Leeds, LS2 9JT, United Kingdom</subfield></datafield><datafield tag="700" ind1="1" ind2=" "><subfield code="a">Zárate Gómez, Ricardo</subfield><subfield code="e">author</subfield><subfield code="u">Instituto de Investigaciones de la Amazonía Peruana, Av. Quiñones 0784, Iquitos, Loreto, Peru</subfield></datafield><datafield tag="700" ind1="1" ind2=" "><subfield code="a">Amasifuén Guerra, Carlos A.</subfield><subfield code="e">author</subfield><subfield code="u">Facultad de Biología, Universidad Nacional de la Amazonía Peruana, Sargento Lores 385, Iquitos, Loreto, Peru</subfield></datafield><datafield tag="700" ind1="1" ind2=" "><subfield code="a">Flores Arévalo, Manuel</subfield><subfield code="e">author</subfield><subfield code="u">Facultad de Biología, Universidad Nacional de la Amazonía Peruana, Sargento Lores 385, Iquitos, Loreto, Peru</subfield></datafield><datafield tag="700" ind1="1" ind2=" "><subfield code="a">Vásquez Martínez, Rodolfo</subfield><subfield code="e">author</subfield><subfield code="u">Jardín Botanico de Missouri, Prolongación Bolognesi Lote 6, Oxapampa, Pasco, Peru</subfield></datafield><datafield tag="700" ind1="1" ind2=" "><subfield code="a">Brienen, Roel J. W.</subfield><subfield code="e">author</subfield><subfield code="u">School of Geography, University of Leeds, Leeds, LS2 9JT, United Kingdom</subfield></datafield><datafield tag="700" ind1="1" ind2=" "><subfield code="a">Monteagudo‐Mendoza, Abel</subfield><subfield code="e">author</subfield><subfield code="u">Jardín Botanico de Missouri, Prolongación Bolognesi Lote 6, Oxapampa, Pasco, Peru</subfield></datafield><datafield tag="700" ind1="1" ind2=" "><subfield code="a">Torres Montenegro, Luis A.</subfield><subfield code="e">author</subfield><subfield code="u">Facultad de Biología, Universidad Nacional de la Amazonía Peruana, Sargento Lores 385, Iquitos, Loreto, Peru</subfield></datafield><datafield tag="700" ind1="1" ind2=" "><subfield code="a">Valderrama Sandoval, Elvis</subfield><subfield code="e">author</subfield><subfield code="u">Facultad de Biología, Universidad Nacional de la Amazonía Peruana, Sargento Lores 385, Iquitos, Loreto, Peru</subfield></datafield><datafield tag="700" ind1="1" ind2=" "><subfield code="a">Roucoux, Katherine H.</subfield><subfield code="e">author</subfield><subfield code="u">School of Geography and Sustainable Development, University of St. Andrews, North Street, St. Andrews, KY16 9AL, United Kingdom</subfield></datafield><datafield tag="700" ind1="1" ind2=" "><subfield code="a">Ramírez Arévalo, Fredy R.</subfield><subfield code="e">author</subfield><subfield code="u">Facultad de Ciencias Forestales, Universidad Nacional de la Amazonía Peruana, Sargento Lores 385, Iquitos, Loreto, Peru</subfield></datafield><datafield tag="700" ind1="1" ind2=" "><subfield code="a">Mesones Acuy, Ítalo</subfield><subfield code="e">author</subfield><subfield code="u">Department of Integrative Biology, University of California, 1005 Valley Life Sciences Building #3140 Berkeley, California, 94720, USA</subfield></datafield><datafield tag="700" ind1="1" ind2=" "><subfield code="a">Del Aguila Pasquel, Jhon</subfield><subfield code="e">author</subfield><subfield code="u">Instituto de Investigaciones de la Amazonía Peruana, Av. Quiñones 0784, Iquitos, Loreto, Peru</subfield></datafield><datafield tag="700" ind1="1" ind2=" "><subfield code="a">Tagle Casapia, Ximena</subfield><subfield code="e">author</subfield><subfield code="u">Instituto de Investigaciones de la Amazonía Peruana, Av. Quiñones 0784, Iquitos, Loreto, Peru</subfield><subfield code="1">https://orcid.org/0000-0003-4152-2051</subfield></datafield><datafield tag="700" ind1="1" ind2=" "><subfield code="a">Flores Llampazo, Gerardo</subfield><subfield code="e">author</subfield><subfield code="u">Universidad Nacional Jorge Basadre Grohmann, Avenidad Miraflores S/N, Tacna, 23000, Peru</subfield></datafield><datafield tag="700" ind1="1" ind2=" "><subfield code="a">Corrales Medina, Massiel</subfield><subfield code="e">author</subfield><subfield code="u">Universidad Nacional de San Agustín de Arequipa, Santa Catalina 117, Arequipa, 04000, Peru</subfield></datafield><datafield tag="700" ind1="1" ind2=" "><subfield code="a">Reyna Huaymacari, José</subfield><subfield code="e">author</subfield><subfield code="u">Facultad de Biología, Universidad Nacional de la Amazonía Peruana, Sargento Lores 385, Iquitos, Loreto, Peru</subfield></datafield><datafield tag="700" ind1="1" ind2=" "><subfield code="a">Baraloto, Christopher</subfield><subfield code="e">author</subfield><subfield code="u">International Center for Tropical Botany, Florida International University, 4013 South Douglas Road, Miami, Florida, 33133, USA</subfield></datafield><datafield tag="773" ind1="0" ind2=" "><subfield code="t">Ecology.</subfield><subfield code="g">2019 Apr., v. 100, no. 4 p.e02636-</subfield><subfield code="d">John Wiley &amp; Sons, Ltd</subfield><subfield code="w">Journal:jnl46164</subfield><subfield code="x">0012-9658</subfield><subfield code="7">nnas</subfield></datafield><datafield tag="787" ind1="1" ind2=" "><subfield code="o">islandora_article_repository</subfield></datafield><datafield tag="787" ind1="1" ind2=" "><subfield code="o">product_pubag</subfield></datafield><datafield tag="787" ind1="1" ind2=" "><subfield code="o">(Journal)jnl46164</subfield></datafield><datafield tag="856" ind1="4" ind2="0"><subfield code="u">http://dx.doi.org/10.1002/ecy.2636</subfield><subfield code="3">Available from publisher's site</subfield></datafield><datafield tag="912" ind1=" " ind2=" "><subfield code="a">Article</subfield></datafield><datafield tag="914" ind1=" " ind2=" "><subfield code="a">Journal:jnl46164</subfield><subfield code="b">0012-9658</subfield><subfield code="c">100</subfield><subfield code="d">4</subfield><subfield code="e">e02636</subfield></datafield><datafield tag="914" ind1=" " ind2=" "><subfield code="f">Ecology</subfield></datafield><datafield tag="916" ind1=" " ind2=" "><subfield code="a">Batch:2190</subfield></datafield><datafield tag="917" ind1=" " ind2=" "><subfield code="a">issued</subfield></datafield><datafield tag="918" ind1="2" ind2=" "><subfield code="a">John Wiley &amp; Sons, Inc</subfield><subfield code="e">provider</subfield><subfield code="5">DNAL</subfield></datafield><datafield tag="935" ind1=" " ind2=" "><subfield code="a">IND606356478</subfield><subfield code="9">ExL</subfield></datafield><datafield tag="949" ind1=" " ind2=" "><subfield code="a">2019-05-01</subfield></datafield><datafield tag="953" ind1=" " ind2=" "><subfield code="a">/data/metadata/incoming/wiley/00129658_2019_100_4.xml</subfield></datafield><datafield tag="954" ind1=" " ind2=" "><subfield code="a">file:/data/metadata/staging/wiley/00129658_2019_100_4.xml</subfield></datafield><datafield tag="955" ind1=" " ind2=" "><subfield code="a">/data/metadata/staging/wiley/</subfield></datafield><datafield tag="962" ind1=" " ind2=" "><subfield code="a">Batch:2190 reviewed on 2019-05-01T14:00:03Z</subfield></datafield><datafield tag="974" ind1=" " ind2=" "><subfield code="a">agid:6356478</subfield></datafield><datafield tag="983" ind1=" " ind2=" "><subfield code="a">2019-04-02</subfield></datafield><datafield tag="984" ind1=" " ind2=" "><subfield code="a">2019-05-01</subfield></datafield></record>