<record><leader>04567nab a2200697 u 4500</leader><controlfield tag="001">9915904733907426</controlfield><controlfield tag="005">20221116165416.0</controlfield><controlfield tag="008">170719e20150915xx |||||o|||||||||||eng||</controlfield><datafield tag="" ind1="7" ind2=" "><subfield code="a">IND605450641</subfield><subfield code="2">DNAL</subfield></datafield><datafield tag="024" ind1="7" ind2=" "><subfield code="a">10.1/j.rse.2015.04.</subfield><subfield code="2">doi</subfield></datafield><datafield tag="035" ind1=" " ind2=" "><subfield code="a">agid:5450641-01nal_inst</subfield></datafield><datafield tag="040" ind1=" " ind2=" "><subfield code="a">AGL</subfield><subfield code="b">eng</subfield><subfield code="c">AGL</subfield></datafield><datafield tag="100" ind1="1" ind2=" "><subfield code="a">Somers, Ben</subfield><subfield code="e">author</subfield><subfield code="u">Division Forest, Nature &amp; Landscape, KU Leuven, Celestijnenlaan 200E — bus 2411, B-3001 Leuven, Belgium</subfield></datafield><datafield tag="245" ind1="1" ind2="0"><subfield code="a">Mesoscale assessment of changes in tropical tree species richness across a bioclimatic gradient in Panama using airborne imaging spectroscopy</subfield></datafield><datafield tag="300" ind1=" " ind2=" "><subfield code="a">p. 111-120.</subfield></datafield><datafield tag="520" ind1=" " ind2=" "><subfield code="a">We used imaging spectroscopy to perform a top-down mesoscale analysis of tropical tree species richness across a bioclimatic gradient in Panama. The expressed precipitation gradient from the wet Caribbean side to the dry Pacific side makes Panama an excellent study area for performing a mesoscale assessment of climate effects on tropical tree species richness. Spatial patterns in local spectral variability (expressed as the coefficient of variation) and spectral similarity (expressed as the spectral similarity index) were used as proxies for species area curves and species distance decay curves. Our analysis revealed significant spectral changes along the precipitation gradient. Highest spectral diversity was observed for moist forest sites while lowest diversity was observed for the driest forest sites. Most of the spectral variation came from changes in the visible (VIS) and shortwave-infrared (SWIR) reflectance. Variation in the VIS was significantly higher for the dry compared to the moist and wet forests, while the opposite was true for the NIR and SWIR reflectance. Our spectral mesoscale analysis extends previous results suggesting that niche differentiation with respect to soil water availability is a direct determinant of both local- and regional-scale distributions of tropical trees. A next step would be to test the accuracy and scalability of our results with lower spatial resolution spectrometer data, simulating the observing conditions that will be achieved with future satellite missions such as the European Union's EnMap and NASA's HyspIRI missions.</subfield></datafield><datafield tag="592" ind1=" " ind2=" "><subfield code="a">Publisher supplied data</subfield></datafield><datafield tag="593" ind1=" " ind2=" "><subfield code="a">PubAg article</subfield></datafield><datafield tag="650" ind1=" " ind2="3"><subfield code="a">European Union</subfield></datafield><datafield tag="650" ind1=" " ind2="3"><subfield code="a">environmental assessment</subfield></datafield><datafield tag="650" ind1=" " ind2="3"><subfield code="a">forests</subfield></datafield><datafield tag="650" ind1=" " ind2="3"><subfield code="a">image analysis</subfield></datafield><datafield tag="650" ind1=" " ind2="3"><subfield code="a">plant available water</subfield></datafield><datafield tag="650" ind1=" " ind2="3"><subfield code="a">reflectance</subfield></datafield><datafield tag="650" ind1=" " ind2="3"><subfield code="a">remote sensing</subfield></datafield><datafield tag="650" ind1=" " ind2="3"><subfield code="a">satellites</subfield></datafield><datafield tag="650" ind1=" " ind2="3"><subfield code="a">species diversity</subfield></datafield><datafield tag="650" ind1=" " ind2="3"><subfield code="a">spectrometers</subfield></datafield><datafield tag="650" ind1=" " ind2="3"><subfield code="a">spectroscopy</subfield></datafield><datafield tag="650" ind1=" " ind2="3"><subfield code="a">trees</subfield></datafield><datafield tag="651" ind1=" " ind2="3"><subfield code="a">Caribbean</subfield></datafield><datafield tag="651" ind1=" " ind2="3"><subfield code="a">Panama</subfield></datafield><datafield tag="653" ind1=" " ind2="0"><subfield code="a">Biodiversity</subfield></datafield><datafield tag="653" ind1=" " ind2="0"><subfield code="a">Hyperspectral</subfield></datafield><datafield tag="653" ind1=" " ind2="0"><subfield code="a">Climate change</subfield></datafield><datafield tag="653" ind1=" " ind2="0"><subfield code="a">Spectral variation hypothesis</subfield></datafield><datafield tag="653" ind1=" " ind2="0"><subfield code="a">Alpha diversity</subfield></datafield><datafield tag="653" ind1=" " ind2="0"><subfield code="a">Beta diversity</subfield></datafield><datafield tag="700" ind1="1" ind2=" "><subfield code="a">Asner, Gregory P.</subfield><subfield code="e">author</subfield><subfield code="u">Department of Global Ecology, Carnegie Institution for Science, 260 Panama Street, Stanford, CA 94305, USA</subfield></datafield><datafield tag="700" ind1="1" ind2=" "><subfield code="a">Martin, Roberta E.</subfield><subfield code="e">author</subfield><subfield code="u">Department of Global Ecology, Carnegie Institution for Science, 260 Panama Street, Stanford, CA 94305, USA</subfield></datafield><datafield tag="700" ind1="1" ind2=" "><subfield code="a">Anderson, Christopher B.</subfield><subfield code="e">author</subfield><subfield code="u">Department of Global Ecology, Carnegie Institution for Science, 260 Panama Street, Stanford, CA 94305, USA</subfield></datafield><datafield tag="700" ind1="1" ind2=" "><subfield code="a">Knapp, David E.</subfield><subfield code="e">author</subfield><subfield code="u">Department of Global Ecology, Carnegie Institution for Science, 260 Panama Street, Stanford, CA 94305, USA</subfield></datafield><datafield tag="700" ind1="1" ind2=" "><subfield code="a">Wright, S. Joseph</subfield><subfield code="e">author</subfield><subfield code="u">Smithsonian Tropical Research Institute, Balbao, Ancon, Panama</subfield></datafield><datafield tag="700" ind1="1" ind2=" "><subfield code="a">Van De Kerchove, Ruben</subfield><subfield code="e">author</subfield><subfield code="u">Flemish Institute for Technological Research (VITO), Centre for Remote Sensing and Earth Observation Processes (TAP), Boeretang 200, BE-2400 Mol, Belgium</subfield></datafield><datafield tag="773" ind1="0" ind2=" "><subfield code="t">Remote sensing of environment.</subfield><subfield code="g">2015 Sept. 15, v. 167 p.111-120</subfield><subfield code="d">Elsevier Inc.</subfield><subfield code="x">0034-4257</subfield><subfield code="7">nnas</subfield></datafield><datafield tag="787" ind1="1" ind2=" "><subfield code="o">islandora_article_repository</subfield></datafield><datafield tag="787" ind1="1" ind2=" "><subfield code="o">product_pubag</subfield></datafield><datafield tag="787" ind1="1" ind2=" "><subfield code="o">(Journal)11735</subfield></datafield><datafield tag="856" ind1="4" ind2="0"><subfield code="u">http://dx.doi.org/10.1/j.rse.2015.04.</subfield><subfield code="3">Available from publisher's site</subfield></datafield><datafield tag="912" ind1=" " ind2=" "><subfield code="a">Article</subfield></datafield><datafield tag="914" ind1=" " ind2=" "><subfield code="a">Journal:11735</subfield><subfield code="b">0034-4257</subfield><subfield code="c">167</subfield><subfield code="e">111</subfield></datafield><datafield tag="914" ind1=" " ind2=" "><subfield code="f">Remote sensing of environment</subfield></datafield><datafield tag="916" ind1=" " ind2=" "><subfield code="a">Batch:1492</subfield></datafield><datafield tag="917" ind1=" " ind2=" "><subfield code="a">issued</subfield></datafield><datafield tag="918" ind1="2" ind2=" "><subfield code="a">Elsevier Consyn</subfield><subfield code="e">provider</subfield><subfield code="5">DNAL</subfield></datafield><datafield tag="935" ind1=" " ind2=" "><subfield code="a">IND605450641</subfield><subfield code="9">ExL</subfield></datafield><datafield tag="949" ind1=" " ind2=" "><subfield code="a">2-12-22</subfield></datafield><datafield tag="953" ind1=" " ind2=" "><subfield code="a">35071-00002-HEAD-ONLY-NALCOLLECTIONDEVELOPMENT.zip</subfield></datafield><datafield tag="974" ind1=" " ind2=" "><subfield code="a">agid:5450641</subfield></datafield><datafield tag="983" ind1=" " ind2=" "><subfield code="a">2017-07-19</subfield></datafield><datafield tag="984" ind1=" " ind2=" "><subfield code="a">2017-07-19</subfield></datafield></record>