<record><leader>04898nab a2200733 u 4500</leader><controlfield tag="001">9915904752307426</controlfield><controlfield tag="005">20221116165701.0</controlfield><controlfield tag="008">170719e20150915xx |||||o|||||||||||eng||</controlfield><datafield tag="" ind1="7" ind2=" "><subfield code="a">IND605450696</subfield><subfield code="2">DNAL</subfield></datafield><datafield tag="024" ind1="7" ind2=" "><subfield code="a">10.1/j.rse.2015.06.010</subfield><subfield code="2">doi</subfield></datafield><datafield tag="035" ind1=" " ind2=" "><subfield code="a">agid:5450696-01nal_inst</subfield></datafield><datafield tag="040" ind1=" " ind2=" "><subfield code="a">AGL</subfield><subfield code="b">eng</subfield><subfield code="c">AGL</subfield></datafield><datafield tag="100" ind1="1" ind2=" "><subfield code="a">Gu, Huan</subfield><subfield code="e">author</subfield></datafield><datafield tag="245" ind1="1" ind2="0"><subfield code="a">Detection of gradients of forest composition in an urban area using imaging spectroscopy</subfield></datafield><datafield tag="300" ind1=" " ind2=" "><subfield code="a">p. 168-180.</subfield></datafield><datafield tag="520" ind1=" " ind2=" "><subfield code="a">Forests play an important role in urban environments by providing a range of ecosystem services. However, forest composition and function in urban ecosystems are ecologically complex because of high heterogeneity of the landscape and long legacies of intensive human management. Accurate quantification and mapping of composition of tree taxa in urban forests using remote sensing require high spatial and spectral resolution imagery. As such, mapping of individual species over large areas is impractical, so instead we map gradients of composition based on canopy traits derived from AVIRIS (Airborne Visible/Infrared Imaging Spectrometer) and lidar. This trait-based approach depicts emergent functional overlaps due to pixel-scale mixing of disparate species or genera found in the region. This provides a basis for understanding forest functioning in urban ecosystems where multiple taxa are functionally and spectrally similar. We used non-metric multidimensional scaling (NMDS) to ordinate multi-dimensional forest composition data, where NMDS scores (NMDS1 and NMDS2) represent compositional gradients. Predictive models of NMDS1 and NMDS2 were built using AVIRIS-derived foliar traits such as nitrogen concentration and lidar structural variables. Gradients of composition were strongly related to AVIRIS-derived traits (R2=0.67 for NMDS1 and R2=0.47 for NMDS2). Lidar-derived structural variables provided no improvement to prediction of the first NMDS axis estimates, and a minimal improvement (3% more variance explained) on NMDS2. We applied predictive models of NMDS1 and NMDS2 to maps of predictor traits to map NMDS1 and NMDS2. From the NMDS1 and NMDS2 maps, we mapped potential composition patterns and associated uncertainties by genus from the ordination of the field data. Our maps of composition gradients show the potential for data from imaging spectrometers such as HyspIRI to comprehensively characterize the diversity of ecosystems in heterogeneous landscapes. Moderate resolution satellite imagery may not facilitate detection of individual species, but imaging spectroscopy provides a basis to estimate the potential distribution of particular taxa based on assemblages associated with foliar traits that can be derived from imaging spectroscopy. Comprehensive satellite-based mapping will provide basic understanding and spatially explicit information on forest functioning suitable for monitoring and management of urban ecosystems.</subfield></datafield><datafield tag="592" ind1=" " ind2=" "><subfield code="a">Publisher supplied data</subfield></datafield><datafield tag="593" ind1=" " ind2=" "><subfield code="a">PubAg article</subfield></datafield><datafield tag="650" ind1=" " ind2="3"><subfield code="a">canopy</subfield></datafield><datafield tag="650" ind1=" " ind2="3"><subfield code="a">ecosystem services</subfield></datafield><datafield tag="650" ind1=" " ind2="3"><subfield code="a">ecosystems</subfield></datafield><datafield tag="650" ind1=" " ind2="3"><subfield code="a">forests</subfield></datafield><datafield tag="650" ind1=" " ind2="3"><subfield code="a">humans</subfield></datafield><datafield tag="650" ind1=" " ind2="3"><subfield code="a">image analysis</subfield></datafield><datafield tag="650" ind1=" " ind2="3"><subfield code="a">landscapes</subfield></datafield><datafield tag="650" ind1=" " ind2="3"><subfield code="a">lidar</subfield></datafield><datafield tag="650" ind1=" " ind2="3"><subfield code="a">models</subfield></datafield><datafield tag="650" ind1=" " ind2="3"><subfield code="a">monitoring</subfield></datafield><datafield tag="650" ind1=" " ind2="3"><subfield code="a">multidimensional scaling</subfield></datafield><datafield tag="650" ind1=" " ind2="3"><subfield code="a">nitrogen content</subfield></datafield><datafield tag="650" ind1=" " ind2="3"><subfield code="a">prediction</subfield></datafield><datafield tag="650" ind1=" " ind2="3"><subfield code="a">remote sensing</subfield></datafield><datafield tag="650" ind1=" " ind2="3"><subfield code="a">satellites</subfield></datafield><datafield tag="650" ind1=" " ind2="3"><subfield code="a">spectral analysis</subfield></datafield><datafield tag="650" ind1=" " ind2="3"><subfield code="a">spectrometers</subfield></datafield><datafield tag="650" ind1=" " ind2="3"><subfield code="a">spectroscopy</subfield></datafield><datafield tag="650" ind1=" " ind2="3"><subfield code="a">trees</subfield></datafield><datafield tag="650" ind1=" " ind2="3"><subfield code="a">uncertainty</subfield></datafield><datafield tag="650" ind1=" " ind2="3"><subfield code="a">urban areas</subfield></datafield><datafield tag="650" ind1=" " ind2="3"><subfield code="a">variance</subfield></datafield><datafield tag="653" ind1=" " ind2="0"><subfield code="a">Composition gradients</subfield></datafield><datafield tag="653" ind1=" " ind2="0"><subfield code="a">Foliar functional traits</subfield></datafield><datafield tag="653" ind1=" " ind2="0"><subfield code="a">Imaging spectroscopy</subfield></datafield><datafield tag="653" ind1=" " ind2="0"><subfield code="a">Non-metric multidimensional scaling (NMDS) ordination</subfield></datafield><datafield tag="653" ind1=" " ind2="0"><subfield code="a">Urban forests</subfield></datafield><datafield tag="700" ind1="1" ind2=" "><subfield code="a">Singh, Aditya</subfield><subfield code="e">author</subfield><subfield code="u">Department of Forest and Wildlife Ecology, University of Wisconsin-Madison, 1630 Linden Drive, Madison, WI 53706, USA</subfield></datafield><datafield tag="700" ind1="1" ind2=" "><subfield code="a">Townsend, Philip A.</subfield><subfield code="e">author</subfield><subfield code="u">Department of Forest and Wildlife Ecology, University of Wisconsin-Madison, 1630 Linden Drive, Madison, WI 53706, USA</subfield></datafield><datafield tag="773" ind1="0" ind2=" "><subfield code="t">Remote sensing of environment.</subfield><subfield code="g">2015 Sept. 15, v. 167 p.168-180</subfield><subfield code="d">Elsevier Inc.</subfield><subfield code="x">0034-4257</subfield><subfield code="7">nnas</subfield></datafield><datafield tag="787" ind1="1" ind2=" "><subfield code="o">islandora_article_repository</subfield></datafield><datafield tag="787" ind1="1" ind2=" "><subfield code="o">product_pubag</subfield></datafield><datafield tag="787" ind1="1" ind2=" "><subfield code="o">(Journal)11735</subfield></datafield><datafield tag="856" ind1="4" ind2="0"><subfield code="u">http://dx.doi.org/10.1/j.rse.2015.06.010</subfield><subfield code="3">Available from publisher's site</subfield></datafield><datafield tag="912" ind1=" " ind2=" "><subfield code="a">Article</subfield></datafield><datafield tag="914" ind1=" " ind2=" "><subfield code="a">Journal:11735</subfield><subfield code="b">0034-4257</subfield><subfield code="c">167</subfield><subfield code="e">168</subfield></datafield><datafield tag="914" ind1=" " ind2=" "><subfield code="f">Remote sensing of environment</subfield></datafield><datafield tag="916" ind1=" " ind2=" "><subfield code="a">Batch:1492</subfield></datafield><datafield tag="917" ind1=" " ind2=" "><subfield code="a">issued</subfield></datafield><datafield tag="918" ind1="2" ind2=" "><subfield code="a">Elsevier Consyn</subfield><subfield code="e">provider</subfield><subfield code="5">DNAL</subfield></datafield><datafield tag="935" ind1=" " ind2=" "><subfield code="a">IND605450696</subfield><subfield code="9">ExL</subfield></datafield><datafield tag="949" ind1=" " ind2=" "><subfield code="a">2-12-22</subfield></datafield><datafield tag="953" ind1=" " ind2=" "><subfield code="a">35071-00002-HEAD-ONLY-NALCOLLECTIONDEVELOPMENT.zip</subfield></datafield><datafield tag="974" ind1=" " ind2=" "><subfield code="a">agid:5450696</subfield></datafield><datafield tag="983" ind1=" " ind2=" "><subfield code="a">2017-07-19</subfield></datafield><datafield tag="984" ind1=" " ind2=" "><subfield code="a">2017-07-19</subfield></datafield></record>