<record><leader>03603nab a2200685 u 4500</leader><controlfield tag="001">9915904766507426</controlfield><controlfield tag="005">20221116165413.0</controlfield><controlfield tag="008">041129s2003 xx |||||o|||||||||||eng||</controlfield><datafield tag="" ind1="7" ind2=" "><subfield code="a">IND43658263</subfield><subfield code="2">DNAL</subfield></datafield><datafield tag="035" ind1=" " ind2=" "><subfield code="a">agid:675953-01nal_inst</subfield></datafield><datafield tag="040" ind1=" " ind2=" "><subfield code="a">AGL</subfield><subfield code="b">eng</subfield><subfield code="c">AGL</subfield></datafield><datafield tag="072" ind1=" " ind2="0"><subfield code="a">F300</subfield></datafield><datafield tag="072" ind1=" " ind2="0"><subfield code="a">K001</subfield></datafield><datafield tag="100" ind1="1" ind2=" "><subfield code="a">Arevalo, J.R.</subfield></datafield><datafield tag="245" ind1="1" ind2="0"><subfield code="a">Spatial patterns of trees and juveniles in a laurel forest of Tenerife, Canary Islands</subfield></datafield><datafield tag="300" ind1=" " ind2=" "><subfield code="a">p. 1-10.</subfield></datafield><datafield tag="500" ind1=" " ind2=" "><subfield code="a">Includes references</subfield></datafield><datafield tag="520" ind1=" " ind2=" "><subfield code="a">Spatial patterns are important characteristics of the forest and theycan reveal such things as successional status and ecological characteristics ofthe species. We tested the hypothesis that spatial distribution will bedifferent, depending on whether the species is intolerant or tolerant to shade.We assessed the spatial distribution of trees (&gt; 4 cm dbh) andjuveniles in eight laurel forest plots. A univariate spatial analysis(performed with Ripley's K1) showed that all tree species havesignificantaggregation at short distances (2 m). Nevertheless, two groups ofspecies could be differentiated: Erica scoparia,Myrica faya and Ilex canariensisshowed a tendency for aggregation at large distances (larger than 6m)while L. azorica and Prunuslusitanicashowed aggregation only at shorter distances. Ripley's BivariateK1,2 analyses showed no significant differences in the spatialdistribution ofanalyzed species pairs from a null model. Only Laurusazoricahad a sufficient sample size for analysis of juvenile distribution. Aunivariateanalysis revealed thatL. azorica seedlings (stems &lt; 50 cm high)were clumped in some plots up to 5 m, but this was not consistent.Saplings (stems &gt; 50 cm high and &lt; 4 cm dbh)didnot show strong clumping even at short distances. L.azoricasaplings had no significant aggregation with, nor repulsionfrom, adults of the same or different species. Spatial patterns of the speciesshould be considered in the development of restoration plans of the laurelforest 90%of which has disappeared or been intensively disturbed on Tenerife Island.</subfield></datafield><datafield tag="593" ind1=" " ind2=" "><subfield code="a">PubAg article</subfield></datafield><datafield tag="650" ind1=" " ind2="3"><subfield code="a">Laurus</subfield></datafield><datafield tag="650" ind1=" " ind2="3"><subfield code="a">Erica</subfield></datafield><datafield tag="650" ind1=" " ind2="3"><subfield code="a">Ilex</subfield></datafield><datafield tag="650" ind1=" " ind2="3"><subfield code="a">Prunus</subfield></datafield><datafield tag="650" ind1=" " ind2="3"><subfield code="a">Myrica faya</subfield></datafield><datafield tag="650" ind1=" " ind2="3"><subfield code="a">Viburnum tinus</subfield></datafield><datafield tag="650" ind1=" " ind2="3"><subfield code="a">forest trees</subfield></datafield><datafield tag="650" ind1=" " ind2="3"><subfield code="a">spatial distribution</subfield></datafield><datafield tag="650" ind1=" " ind2="3"><subfield code="a">plant density</subfield></datafield><datafield tag="650" ind1=" " ind2="3"><subfield code="a">shade tolerance</subfield></datafield><datafield tag="650" ind1=" " ind2="3"><subfield code="a">seed germination</subfield></datafield><datafield tag="650" ind1=" " ind2="3"><subfield code="a">seedlings</subfield></datafield><datafield tag="650" ind1=" " ind2="3"><subfield code="a">reforestation</subfield></datafield><datafield tag="650" ind1=" " ind2="3"><subfield code="a">forest plantations</subfield></datafield><datafield tag="651" ind1=" " ind2="3"><subfield code="a">Canary Islands</subfield></datafield><datafield tag="653" ind1=" " ind2="0"><subfield code="a">Erica scoparia</subfield></datafield><datafield tag="653" ind1=" " ind2="0"><subfield code="a">Ilex canariensis</subfield></datafield><datafield tag="653" ind1=" " ind2="0"><subfield code="a">Prunus lusitanica</subfield></datafield><datafield tag="653" ind1=" " ind2="0"><subfield code="a">Laurus azorica</subfield></datafield><datafield tag="700" ind1="1" ind2=" "><subfield code="a">Fernandez-Palacios, J.M.</subfield></datafield><datafield tag="773" ind1="0" ind2=" "><subfield code="t">Plant ecology.</subfield><subfield code="g">2003, v. 165, no. 1 p.1-10</subfield><subfield code="d">Kluwer Academic Publishers</subfield><subfield code="x">1385-0237</subfield><subfield code="7">nnas</subfield></datafield><datafield tag="787" ind1="1" ind2=" "><subfield code="o">islandora_article_repository</subfield></datafield><datafield tag="787" ind1="1" ind2=" "><subfield code="o">product_pubag</subfield></datafield><datafield tag="787" ind1="1" ind2=" "><subfield code="o">(Journal)jnl55230</subfield></datafield><datafield tag="852" ind1=" " ind2=" "><subfield code="a">DNAL</subfield></datafield><datafield tag="856" ind1="4" ind2="0"><subfield code="u">http://www.kluweronline.com/issn/1385-0237/contents</subfield><subfield code="3">Available from publisher's Web site</subfield></datafield><datafield tag="912" ind1=" " ind2=" "><subfield code="a">Article</subfield></datafield><datafield tag="914" ind1=" " ind2=" "><subfield code="a">Journal:jnl55230</subfield><subfield code="b">1385-0237</subfield><subfield code="c">165</subfield><subfield code="d">1</subfield><subfield code="e">1</subfield></datafield><datafield tag="914" ind1=" " ind2=" "><subfield code="f">Plant ecology</subfield></datafield><datafield tag="917" ind1=" " ind2=" "><subfield code="a">issued</subfield></datafield><datafield tag="930" ind1=" " ind2=" "><subfield code="a">20080724</subfield><subfield code="b">20080801</subfield><subfield code="c">00000000</subfield></datafield><datafield tag="935" ind1=" " ind2=" "><subfield code="a">IND43658263</subfield><subfield code="9">ExL</subfield></datafield><datafield tag="945" ind1=" " ind2=" "><subfield code="a">IND</subfield><subfield code="d">GAY</subfield><subfield code="e">2004/12/07</subfield></datafield><datafield tag="946" ind1=" " ind2=" "><subfield code="a">Non-US</subfield></datafield><datafield tag="949" ind1=" " ind2=" "><subfield code="a">2014-07-17</subfield></datafield><datafield tag="952" ind1=" " ind2=" "><subfield code="a">20080724 20080801 00000000</subfield><subfield code="b">IND GAY 2004/12/07</subfield></datafield><datafield tag="962" ind1=" " ind2=" "><subfield code="a">No DOI</subfield></datafield><datafield tag="974" ind1=" " ind2=" "><subfield code="a">agid:675953</subfield></datafield><datafield tag="984" ind1=" " ind2=" "><subfield code="a">2014-07-23</subfield></datafield><datafield tag="985" ind1=" " ind2=" "><subfield code="a">Converted from MARCXML to MODS version 3.4 using MARC21slim2MODS3-4.xsl (Revision 1.95 2014/04/23)</subfield></datafield><datafield tag="986" ind1=" " ind2=" "><subfield code="a">3658263</subfield></datafield></record>