<record><leader>04447nab a2200769 u 4500</leader><controlfield tag="001">9915904858307426</controlfield><controlfield tag="005">20221116165411.0</controlfield><controlfield tag="008">170711e20150615xx |||||o|||||||||||eng||</controlfield><datafield tag="" ind1="7" ind2=" "><subfield code="a">IND605450591</subfield><subfield code="2">DNAL</subfield></datafield><datafield tag="024" ind1="7" ind2=" "><subfield code="a">10.1/j.rse.2015.02.028</subfield><subfield code="2">doi</subfield></datafield><datafield tag="035" ind1=" " ind2=" "><subfield code="a">agid:5450591-01nal_inst</subfield></datafield><datafield tag="040" ind1=" " ind2=" "><subfield code="a">AGL</subfield><subfield code="b">eng</subfield><subfield code="c">AGL</subfield></datafield><datafield tag="100" ind1="1" ind2=" "><subfield code="a">Macander, Matthew J.</subfield><subfield code="e">author</subfield><subfield code="u">ABR, Inc.—Environmental Research &amp; Services, P.O. Box 80410, Fairbanks, AK 99708, USA</subfield></datafield><datafield tag="245" ind1="1" ind2="0"><subfield code="a">Landsat-based snow persistence map for northwest Alaska</subfield></datafield><datafield tag="300" ind1=" " ind2=" "><subfield code="a">p. 23-31.</subfield></datafield><datafield tag="520" ind1=" " ind2=" "><subfield code="a">Landsat imagery for northwest Alaska from 1 February to 31 August, 1985–2011 was used to map snow persistence at high spatial resolution. We analyzed 11,645 scenes covering 505,800km2, including five Arctic National Park units and the range of the Western Arctic caribou herd (85 Landsat path/rows). A cloud mask was created using the Landsat Ecosystem Disturbance Adaptive Processing System (LEDAPS). Terrain shadows were calculated from ASTER G-DEM2 and solar incidence angle. The presence of snow cover was determined using separate Snowmap algorithms for non-shadowed and shadowed pixels. Resulting snow cover data were reformatted into 562 30×30km tiles, with an average sample size per pixel of 216 cloud-free observations. A binary classification tree was used to successfully determine the day of the year that best marked the change from snow to snow-free conditions for 99.8% of the study area. An internal consistency check evaluating the occurrence of snow-free data earlier than that day or snow data later than that day, showed that 98.7% of the land pixels were consistently classified ≥90% of the time. Comparison with MODIS end of snow season data showed an average difference of 4.2days. The snow persistence map was strongly correlated with the few SNOTEL stations in the study area (r2=0.856). Broadly, most snowmelt over the study area occurs from late April through early June, with timing delayed farther north and at higher elevations. Many local-scale snow patterns are evident in the detailed, 30-m product. The snow persistence map was co-registered to Landsat land cover mapping, creating a powerful, publicly available resource for ecosystem and land use analyses (https://irma.nps.gov/App/Reference/Profile/2203863).</subfield></datafield><datafield tag="592" ind1=" " ind2=" "><subfield code="a">Publisher supplied data</subfield></datafield><datafield tag="593" ind1=" " ind2=" "><subfield code="a">PubAg article</subfield></datafield><datafield tag="650" ind1=" " ind2="3"><subfield code="a">Advanced Spaceborne Thermal Emission and Reflection Radiometer</subfield></datafield><datafield tag="650" ind1=" " ind2="3"><subfield code="a">Landsat</subfield></datafield><datafield tag="650" ind1=" " ind2="3"><subfield code="a">Rangifer tarandus</subfield></datafield><datafield tag="650" ind1=" " ind2="3"><subfield code="a">algorithms</subfield></datafield><datafield tag="650" ind1=" " ind2="3"><subfield code="a">altitude</subfield></datafield><datafield tag="650" ind1=" " ind2="3"><subfield code="a">angle of incidence</subfield></datafield><datafield tag="650" ind1=" " ind2="3"><subfield code="a">ecosystems</subfield></datafield><datafield tag="650" ind1=" " ind2="3"><subfield code="a">herds</subfield></datafield><datafield tag="650" ind1=" " ind2="3"><subfield code="a">land cover</subfield></datafield><datafield tag="650" ind1=" " ind2="3"><subfield code="a">land use</subfield></datafield><datafield tag="650" ind1=" " ind2="3"><subfield code="a">moderate resolution imaging spectroradiometer</subfield></datafield><datafield tag="650" ind1=" " ind2="3"><subfield code="a">national parks</subfield></datafield><datafield tag="650" ind1=" " ind2="3"><subfield code="a">remote sensing</subfield></datafield><datafield tag="650" ind1=" " ind2="3"><subfield code="a">snow</subfield></datafield><datafield tag="650" ind1=" " ind2="3"><subfield code="a">snowmelt</subfield></datafield><datafield tag="650" ind1=" " ind2="3"><subfield code="a">snowpack</subfield></datafield><datafield tag="650" ind1=" " ind2="3"><subfield code="a">tiles</subfield></datafield><datafield tag="651" ind1=" " ind2="3"><subfield code="a">Alaska</subfield></datafield><datafield tag="651" ind1=" " ind2="3"><subfield code="a">Arctic region</subfield></datafield><datafield tag="653" ind1=" " ind2="0"><subfield code="a">Snow</subfield></datafield><datafield tag="653" ind1=" " ind2="0"><subfield code="a">Snow-free</subfield></datafield><datafield tag="653" ind1=" " ind2="0"><subfield code="a">Snow persistence</subfield></datafield><datafield tag="653" ind1=" " ind2="0"><subfield code="a">LANDSAT</subfield></datafield><datafield tag="653" ind1=" " ind2="0"><subfield code="a">Tiled satellite data</subfield></datafield><datafield tag="653" ind1=" " ind2="0"><subfield code="a">North Slope</subfield></datafield><datafield tag="653" ind1=" " ind2="0"><subfield code="a">Arctic</subfield></datafield><datafield tag="653" ind1=" " ind2="0"><subfield code="a">Alaska</subfield></datafield><datafield tag="653" ind1=" " ind2="0"><subfield code="a">Caribou</subfield></datafield><datafield tag="653" ind1=" " ind2="0"><subfield code="a">SNOTEL</subfield></datafield><datafield tag="700" ind1="1" ind2=" "><subfield code="a">Swingley, Christopher S.</subfield><subfield code="e">author</subfield><subfield code="u">ABR, Inc.—Environmental Research &amp; Services, P.O. Box 80410, Fairbanks, AK 99708, USA</subfield></datafield><datafield tag="700" ind1="1" ind2=" "><subfield code="a">Joly, Kyle</subfield><subfield code="e">author</subfield><subfield code="u">National Park Service, Gates of the Arctic National Park and Preserve, Arctic Inventory and Monitoring Network, 4175 Geist Road, Fairbanks, AK 99709, USA</subfield></datafield><datafield tag="700" ind1="1" ind2=" "><subfield code="a">Raynolds, Martha K.</subfield><subfield code="e">author</subfield><subfield code="u">ABR, Inc.—Environmental Research &amp; Services, P.O. Box 80410, Fairbanks, AK 99708, USA</subfield></datafield><datafield tag="773" ind1="0" ind2=" "><subfield code="t">Remote sensing of environment.</subfield><subfield code="g">2015 June 15, v. 163 p.23-31</subfield><subfield code="d">Elsevier Inc.</subfield><subfield code="x">0034-4257</subfield><subfield code="7">nnas</subfield></datafield><datafield tag="787" ind1="1" ind2=" "><subfield code="o">islandora_article_repository</subfield></datafield><datafield tag="787" ind1="1" ind2=" "><subfield code="o">product_pubag</subfield></datafield><datafield tag="787" ind1="1" ind2=" "><subfield code="o">(Journal)11735</subfield></datafield><datafield tag="856" ind1="4" ind2="0"><subfield code="u">http://dx.doi.org/10.1/j.rse.2015.02.028</subfield><subfield code="3">Available from publisher's site</subfield></datafield><datafield tag="912" ind1=" " ind2=" "><subfield code="a">Article</subfield></datafield><datafield tag="914" ind1=" " ind2=" "><subfield code="a">Journal:11735</subfield><subfield code="b">0034-4257</subfield><subfield code="c">163</subfield><subfield code="e">23</subfield></datafield><datafield tag="914" ind1=" " ind2=" "><subfield code="f">Remote sensing of environment</subfield></datafield><datafield tag="916" ind1=" " ind2=" "><subfield code="a">Batch:1492</subfield></datafield><datafield tag="917" ind1=" " ind2=" "><subfield code="a">issued</subfield></datafield><datafield tag="918" ind1="2" ind2=" "><subfield code="a">Elsevier Consyn</subfield><subfield code="e">provider</subfield><subfield code="5">DNAL</subfield></datafield><datafield tag="935" ind1=" " ind2=" "><subfield code="a">IND605450591</subfield><subfield code="9">ExL</subfield></datafield><datafield tag="949" ind1=" " ind2=" "><subfield code="a">2-12-22</subfield></datafield><datafield tag="953" ind1=" " ind2=" "><subfield code="a">30885-00002-HEAD-ONLY-COLL_DEV_SELECTED_SUBJECTS.zip</subfield></datafield><datafield tag="974" ind1=" " ind2=" "><subfield code="a">agid:5450591</subfield></datafield><datafield tag="983" ind1=" " ind2=" "><subfield code="a">2017-07-11</subfield></datafield><datafield tag="984" ind1=" " ind2=" "><subfield code="a">2017-07-11</subfield></datafield></record>