<record><leader>03347nab a2200505 u 4500</leader><controlfield tag="001">9915905208107426</controlfield><controlfield tag="005">20221116165752.0</controlfield><controlfield tag="008">140809e201406 xx |||||o|||||||||||eng||</controlfield><datafield tag="" ind1="7" ind2=" "><subfield code="a">IND500891857</subfield><subfield code="2">DNAL</subfield></datafield><datafield tag="024" ind1="7" ind2=" "><subfield code="a">10.1007/s11676-014-0457-y</subfield><subfield code="2">doi</subfield></datafield><datafield tag="035" ind1=" " ind2=" "><subfield code="a">agid:651807-01nal_inst</subfield></datafield><datafield tag="040" ind1=" " ind2=" "><subfield code="a">AGL</subfield><subfield code="b">eng</subfield><subfield code="c">AGL</subfield></datafield><datafield tag="100" ind1="1" ind2=" "><subfield code="a">Hai, Nguyen Hong</subfield><subfield code="e">author</subfield><subfield code="u">Department of Ecosystem Modelling, Faculty of Forest Sciences and Forest Ecology, University of Goettingen, Buesgenweg 4, 37077, Goettingen, Germany, hatay@fpt.vn</subfield></datafield><datafield tag="245" ind1="1" ind2="0"><subfield code="a">Spatial distributions of tropical tree species in northern Vietnam under environmentally variable site conditions</subfield></datafield><datafield tag="300" ind1=" " ind2=" "><subfield code="a">p. 257-268.</subfield></datafield><datafield tag="520" ind1=" " ind2=" "><subfield code="a">Ecological interactions of species and thus their spatial patterns may differ between homogeneous and heterogeneous forests. To account for this, techniques of point pattern analysis were implemented on mapped locations of tree individuals from two 1-ha tropicalforest plots in Vietnam. We analyzed the effect of environmental heterogeneity on tree distributions; spatial distribution patterns of dominant species; inter-specific associations; and conspecific associations between life stages. Our analyses showed that: environmental conditions were homogeneous at plot 1 but heterogeneous at plot 2; in both plots, all six dominant species were aggregated at various scales up to 30 m, and tree species were aggregated at larger scales in the homogeneous site than in the heterogeneous site; attraction between pairs of species was remarkably higher at the homogeneous site while negative associations were more frequent in the heterogeneous site; some species, H. kurzii, T. ilicifolia (homogeneous plot) and D. sylvatica, S. wightianum (heterogeneous plot), showed a lack of early life-stage individuals near conspecific adults. Moreover, additional clustering of young individuals was independent from conspecific adults, except D. sylvatica in both sites. These findings are consistent with the Janzen-Connell hypothesis. Overall, habitat heterogeneity influences spatial patterns and inter-specific associations of the tree species and evidences of self-thinning are shown in most species.</subfield></datafield><datafield tag="592" ind1=" " ind2=" "><subfield code="a">Publisher supplied data</subfield></datafield><datafield tag="593" ind1=" " ind2=" "><subfield code="a">PubAg article</subfield></datafield><datafield tag="650" ind1=" " ind2="3"><subfield code="a">adults</subfield></datafield><datafield tag="650" ind1=" " ind2="3"><subfield code="a">environmental factors</subfield></datafield><datafield tag="650" ind1=" " ind2="3"><subfield code="a">forests</subfield></datafield><datafield tag="650" ind1=" " ind2="3"><subfield code="a">habitats</subfield></datafield><datafield tag="650" ind1=" " ind2="3"><subfield code="a">trees</subfield></datafield><datafield tag="651" ind1=" " ind2="3"><subfield code="a">Vietnam</subfield></datafield><datafield tag="700" ind1="1" ind2=" "><subfield code="a">Wiegand, Kerstin</subfield><subfield code="e">author</subfield></datafield><datafield tag="700" ind1="1" ind2=" "><subfield code="a">Getzin, Stephan</subfield><subfield code="e">author</subfield></datafield><datafield tag="773" ind1="0" ind2=" "><subfield code="t">Journal of forestry research.</subfield><subfield code="g">2014 June, v. 25, no. 2 p.257-268</subfield><subfield code="d">Springer-Verlag</subfield><subfield code="x">1007-662X</subfield><subfield code="7">nnas</subfield></datafield><datafield tag="787" ind1="1" ind2=" "><subfield code="o">islandora_article_repository</subfield></datafield><datafield tag="787" ind1="1" ind2=" "><subfield code="o">product_pubag</subfield></datafield><datafield tag="787" ind1="1" ind2=" "><subfield code="o">(Journal)J000000106</subfield></datafield><datafield tag="856" ind1="4" ind2="0"><subfield code="u">http://dx.doi.org/10.1007/s11676-014-0457-y</subfield><subfield code="3">Available from publisher's site</subfield></datafield><datafield tag="912" ind1=" " ind2=" "><subfield code="a">Article</subfield></datafield><datafield tag="914" ind1=" " ind2=" "><subfield code="a">Journal:J000000106</subfield><subfield code="b">1007-662X</subfield><subfield code="c">25</subfield><subfield code="d">2</subfield><subfield code="e">257</subfield></datafield><datafield tag="914" ind1=" " ind2=" "><subfield code="f">Journal of forestry research</subfield></datafield><datafield tag="917" ind1=" " ind2=" "><subfield code="a">issued</subfield></datafield><datafield tag="918" ind1="2" ind2=" "><subfield code="a">Springer</subfield><subfield code="e">provider</subfield><subfield code="5">DNAL</subfield></datafield><datafield tag="935" ind1=" " ind2=" "><subfield code="a">IND500891857</subfield><subfield code="9">ExL</subfield></datafield><datafield tag="949" ind1=" " ind2=" "><subfield code="a">2014-06-27</subfield></datafield><datafield tag="953" ind1=" " ind2=" "><subfield code="a">ftp_PUB_14-08-06_05-33-00.zip</subfield></datafield><datafield tag="962" ind1=" " ind2=" "><subfield code="a">Batch:574 annotated on 2014-06-10T15:15:01Z</subfield></datafield><datafield tag="962" ind1=" " ind2=" "><subfield code="a">Batch:574 reviewed on 2014-06-27T11:00:02Z</subfield></datafield><datafield tag="962" ind1=" " ind2=" "><subfield code="a">Batch:574 reviewed on 2014-06-27T16:00:02Z</subfield></datafield><datafield tag="974" ind1=" " ind2=" "><subfield code="a">agid:651807</subfield></datafield><datafield tag="983" ind1=" " ind2=" "><subfield code="a">2014-08-09</subfield></datafield><datafield tag="984" ind1=" " ind2=" "><subfield code="a">2014-08-09</subfield></datafield></record>