<record><leader>06183nab a2200709 u 4500</leader><controlfield tag="001">9915905230307426</controlfield><controlfield tag="005">20221116165246.0</controlfield><controlfield tag="008">191214e20190401xx |||||o|||||||||||eng||</controlfield><datafield tag="" ind1="7" ind2=" "><subfield code="a">IND606291738</subfield><subfield code="2">DNAL</subfield></datafield><datafield tag="024" ind1="7" ind2=" "><subfield code="a">10.1/j.foreco.2019.01.033</subfield><subfield code="2">doi</subfield></datafield><datafield tag="035" ind1=" " ind2=" "><subfield code="a">agid:6291738-01nal_inst</subfield></datafield><datafield tag="040" ind1=" " ind2=" "><subfield code="a">AGL</subfield><subfield code="b">eng</subfield><subfield code="c">AGL</subfield></datafield><datafield tag="100" ind1="1" ind2=" "><subfield code="a">Jeronimo, Sean M.A.</subfield><subfield code="e">author</subfield><subfield code="u">School of Environmental and Forest Sciences, College of the Environment, University of Washington, Box 352100, Seattle, WA 98195, USA</subfield></datafield><datafield tag="245" ind1="1" ind2="0"><subfield code="a">Forest structure and pattern vary by climate and landform across active-fire landscapes in the montane Sierra Nevada</subfield></datafield><datafield tag="300" ind1=" " ind2=" "><subfield code="a">p. 70-86.</subfield></datafield><datafield tag="520" ind1=" " ind2=" "><subfield code="a">Restoration of fire-dependent forests is often guided by reference conditions from forests with an active fire regime, thought to be resilient to current and future disturbances and stresses. Reference conditions are usually based on historical data or reconstruction, which greatly limits the scale and completeness of data that can be collected. In the Sierra Nevada of California, large areas with reintroduced active fire regimes coupled with extensive lidar data coverage provide the unique opportunity to develop a contemporary regional reference condition dataset across a wide gradient of biophysical conditions. We developed this dataset with a focus on three questions: (1) What is the geographic and environmental distribution of restored active-fire forest areas in the Sierra Nevada mixed-conifer zone? (2) What are the ranges of variation in forest structure and spatial patterns across reference areas? And (3) How do stand density, tree clumping, and canopy opening patterns vary by topography and climate in reference areas? We analyzed fire history and environmental conditions over 10.8 million ha, including 3.9 million ha in the Sierra Nevada mixed-conifer zone, and found 30,377 ha of restored active-fire areas. Although reference areas were distributed throughout the Sierra Nevada they were more abundant on National Park lands (81% of reference areas) than National Forest lands and were associated with higher lightning strike density. Lidar-measured ranges of variation in reference condition structure were broad, with tree densities of 6–320 trees ha−1 (median 107 trees ha−1), basal area of 0.01–113 m2 ha−1 (median 21 m2 ha−1), average size of closely associated clumps of trees from &gt;1 to 207 trees (median 3.1 trees), and average percent of stand area &gt;6 m from the nearest canopy ranging from 0% to 100% (median 5.1%). These ranges correspond well with past studies reporting density and spatial patterns of contemporary and historical active-fire reference stands in the Sierra Nevada, except this study observed greater total variation due to the much greater spatial extent of sampling. Within the montane forest zone, reference areas at middle elevations had lower density (86 vs. 121 trees ha−1), basal area, (13.7 vs. 31 m2 ha−1), and mean clump size (2.7 vs. 4.0 trees) compared to lower- and higher-elevation reference areas, while ridgetops had lower density (101 vs. 115 trees ha−1), basal area (19.6 vs. 24.1 m2 ha−1), and mean clump size (3.0 vs. 3.3 trees) and more open space (7.4% vs. 5.1%) than other landforms. Many of the relationships between physiography and reference structure were context-dependent, suggesting that management practices should create heterogeneous forest structure congruent with local climatic and topographic factors influencing stand conditions.</subfield></datafield><datafield tag="592" ind1=" " ind2=" "><subfield code="a">Publisher supplied data</subfield></datafield><datafield tag="593" ind1=" " ind2=" "><subfield code="a">PubAg article</subfield></datafield><datafield tag="650" ind1=" " ind2="3"><subfield code="a">national parks</subfield></datafield><datafield tag="650" ind1=" " ind2="3"><subfield code="a">montane forests</subfield></datafield><datafield tag="650" ind1=" " ind2="3"><subfield code="a">lidar</subfield></datafield><datafield tag="650" ind1=" " ind2="3"><subfield code="a">landscapes</subfield></datafield><datafield tag="650" ind1=" " ind2="3"><subfield code="a">mountains</subfield></datafield><datafield tag="650" ind1=" " ind2="3"><subfield code="a">data collection</subfield></datafield><datafield tag="650" ind1=" " ind2="3"><subfield code="a">lightning</subfield></datafield><datafield tag="650" ind1=" " ind2="3"><subfield code="a">open space</subfield></datafield><datafield tag="650" ind1=" " ind2="3"><subfield code="a">national forests</subfield></datafield><datafield tag="650" ind1=" " ind2="3"><subfield code="a">stand density</subfield></datafield><datafield tag="650" ind1=" " ind2="3"><subfield code="a">fire regime</subfield></datafield><datafield tag="650" ind1=" " ind2="3"><subfield code="a">trees</subfield></datafield><datafield tag="650" ind1=" " ind2="3"><subfield code="a">canopy gaps</subfield></datafield><datafield tag="650" ind1=" " ind2="3"><subfield code="a">altitude</subfield></datafield><datafield tag="650" ind1=" " ind2="3"><subfield code="a">stand basal area</subfield></datafield><datafield tag="650" ind1=" " ind2="3"><subfield code="a">fire history</subfield></datafield><datafield tag="650" ind1=" " ind2="3"><subfield code="a">climate</subfield></datafield><datafield tag="651" ind1=" " ind2="3"><subfield code="a">California</subfield></datafield><datafield tag="700" ind1="1" ind2=" "><subfield code="a">Kane, Van R.</subfield><subfield code="e">author</subfield><subfield code="u">School of Environmental and Forest Sciences, College of the Environment, University of Washington, Box 352100, Seattle, WA 98195, USA</subfield><subfield code="1">https://orcid.org/0000-0002-0792-4850</subfield></datafield><datafield tag="700" ind1="1" ind2=" "><subfield code="a">Churchill, Derek J.</subfield><subfield code="e">author</subfield><subfield code="u">Washington State, Department of Natural Resources, Forest Health Division, Box 47037, Olympia, WA 98504, USA</subfield></datafield><datafield tag="700" ind1="1" ind2=" "><subfield code="a">Lutz, James A.</subfield><subfield code="e">author</subfield><subfield code="u">Wildland Resources Department, Quinney College of Natural Resources, Utah State University, 5230 Old Main Hill, Logan, UT 84322, USA</subfield><subfield code="1">https://orcid.org/0000-0002-2560-0710</subfield></datafield><datafield tag="700" ind1="1" ind2=" "><subfield code="a">North, Malcolm P.</subfield><subfield code="e">author</subfield><subfield code="u">USDA Forest Service Pacific Southwest Research Station, 1731 Research Park Dr., Davis, CA 95618, USA</subfield></datafield><datafield tag="700" ind1="1" ind2=" "><subfield code="a">Asner, Gregory P.</subfield><subfield code="e">author</subfield><subfield code="u">Center for Global Discovery and Conservation Science, Arizona State University, Tempe, AZ 85281, USA</subfield><subfield code="1">https://orcid.org/0000-0001-7893-6421</subfield></datafield><datafield tag="700" ind1="1" ind2=" "><subfield code="a">Franklin, Jerry F.</subfield><subfield code="e">author</subfield><subfield code="u">School of Environmental and Forest Sciences, College of the Environment, University of Washington, Box 352100, Seattle, WA 98195, USA</subfield></datafield><datafield tag="773" ind1="0" ind2=" "><subfield code="t">Forest ecology and management.</subfield><subfield code="g">2019 Apr. 01, v. 437 p.70-86</subfield><subfield code="d">Elsevier B.V.</subfield><subfield code="w">Journal:jnl9013</subfield><subfield code="x">0378-1127</subfield><subfield code="7">nnas</subfield></datafield><datafield tag="787" ind1="1" ind2=" "><subfield code="o">islandora_article_repository</subfield></datafield><datafield tag="787" ind1="1" ind2=" "><subfield code="o">product_pubag</subfield></datafield><datafield tag="787" ind1="1" ind2=" "><subfield code="o">(Journal)jnl9013</subfield></datafield><datafield tag="856" ind1="4" ind2="0"><subfield code="u">https://dx.doi.org/10.1/j.foreco.2019.01.033</subfield><subfield code="3">Available from publisher's site</subfield></datafield><datafield tag="912" ind1=" " ind2=" "><subfield code="a">Article</subfield></datafield><datafield tag="914" ind1=" " ind2=" "><subfield code="a">Journal:jnl9013</subfield><subfield code="b">0378-1127</subfield></datafield><datafield tag="914" ind1=" " ind2=" "><subfield code="f">Forest ecology and management</subfield></datafield><datafield tag="916" ind1=" " ind2=" "><subfield code="a">Batch:2137</subfield></datafield><datafield tag="917" ind1=" " ind2=" "><subfield code="a">issued</subfield></datafield><datafield tag="918" ind1="2" ind2=" "><subfield code="a">Elsevier Consyn</subfield><subfield code="e">provider</subfield><subfield code="5">DNAL</subfield></datafield><datafield tag="935" ind1=" " ind2=" "><subfield code="a">IND606291738</subfield><subfield code="9">ExL</subfield></datafield><datafield tag="949" ind1=" " ind2=" "><subfield code="a">2019-02-25</subfield></datafield><datafield tag="953" ind1=" " ind2=" "><subfield code="a">/data/metadata/incoming/consyn/143894218730932306-00003-HEAD-ONLY-NEW CONSYN ISSNS.zip</subfield></datafield><datafield tag="954" ind1=" " ind2=" "><subfield code="a">file:/data/metadata/staging/consyn/S037811271831925X.xml</subfield></datafield><datafield tag="955" ind1=" " ind2=" "><subfield code="a">/data/metadata/staging/consyn/</subfield></datafield><datafield tag="961" ind1=" " ind2=" "><subfield code="a">USDA/FS</subfield></datafield><datafield tag="974" ind1=" " ind2=" "><subfield code="a">agid:6291738</subfield></datafield><datafield tag="983" ind1=" " ind2=" "><subfield code="a">2019-12-14</subfield></datafield><datafield tag="984" ind1=" " ind2=" "><subfield code="a">2019-12-14</subfield></datafield></record>