<record><leader>04245nab a2200661 u 4500</leader><controlfield tag="001">9915905230907426</controlfield><controlfield tag="005">20221116165311.0</controlfield><controlfield tag="008">210114e20190215xx |||||o|||||||||||eng||</controlfield><datafield tag="" ind1="7" ind2=" "><subfield code="a">IND606291705</subfield><subfield code="2">DNAL</subfield></datafield><datafield tag="024" ind1="7" ind2=" "><subfield code="a">10.1/j.foreco.2018.10.039</subfield><subfield code="2">doi</subfield></datafield><datafield tag="035" ind1=" " ind2=" "><subfield code="a">agid:6291705-01nal_inst</subfield></datafield><datafield tag="040" ind1=" " ind2=" "><subfield code="a">AGL</subfield><subfield code="b">eng</subfield><subfield code="c">AGL</subfield></datafield><datafield tag="100" ind1="1" ind2=" "><subfield code="a">Calvão, Teresa</subfield><subfield code="e">author</subfield><subfield code="u">CENSE – Center for Environmental and Sustainability Research, NOVA School of Science and Technology, NOVA University Lisbon, Campus de Caparica, 2829-516 Caparica, Portugal</subfield></datafield><datafield tag="245" ind1="1" ind2="0"><subfield code="a">Climate and landscape patterns of pine forest decline after invasion by the pinewood nematode</subfield></datafield><datafield tag="300" ind1=" " ind2=" "><subfield code="a">p. 43-51.</subfield></datafield><datafield tag="520" ind1=" " ind2=" "><subfield code="a">The pinewood nematode, Bursaphelenchus xylophilus, has been identified as being responsible for the decline of pine forests in Portugal, since its detection in the territory about 20 years ago. Forest decline due to disease and/or pests is a complex phenomenon, and a knowledge of the spatial patterns of tree mortality is important for providing an understanding of forest susceptibility and pest dynamics.The aim of the present study was to investigate the relationship between the spatial structure of pine mortality and that of different climatic, edaphic and landscape variables in an area of Portugal where B. xylophilus is known to have spread during the last decade.Pine mortality was assessed in the field, in a large, complex area of Central-North Portugal. An ArcGis database with a range of environmental variables was created for the study area. Spatial autocorrelation of the different variables was investigated by means of Moran’s I and Mantel r analysis. The relationship between pine decline and the different variables was analyzed using bivariate Moran’s I.Environmental descriptors exhibit a clear spatial pattern, influenced by an undulating landscape. Pine mortality is spatially aggregated; warm, dry locations with higher evapotranspiration present high values, and in areas of extensive pine occupancy in a diverse landscape mortality decreases.Forest mortality attributed to infestation by a non-native forest pathogen cannot be dissociated from the effects of climate and landscape diversity associated with pine forests. The analysis of landscape patterns appears to be crucial for gaining an understanding of forest pathology and decline.</subfield></datafield><datafield tag="592" ind1=" " ind2=" "><subfield code="a">Publisher supplied data</subfield></datafield><datafield tag="593" ind1=" " ind2=" "><subfield code="a">PubAg article</subfield></datafield><datafield tag="650" ind1=" " ind2="3"><subfield code="a">Bursaphelenchus xylophilus</subfield></datafield><datafield tag="650" ind1=" " ind2="3"><subfield code="a">Pinus</subfield></datafield><datafield tag="650" ind1=" " ind2="3"><subfield code="a">autocorrelation</subfield></datafield><datafield tag="650" ind1=" " ind2="3"><subfield code="a">climate</subfield></datafield><datafield tag="650" ind1=" " ind2="3"><subfield code="a">coniferous forests</subfield></datafield><datafield tag="650" ind1=" " ind2="3"><subfield code="a">databases</subfield></datafield><datafield tag="650" ind1=" " ind2="3"><subfield code="a">environmental factors</subfield></datafield><datafield tag="650" ind1=" " ind2="3"><subfield code="a">evapotranspiration</subfield></datafield><datafield tag="650" ind1=" " ind2="3"><subfield code="a">forest decline</subfield></datafield><datafield tag="650" ind1=" " ind2="3"><subfield code="a">forest pathogens</subfield></datafield><datafield tag="650" ind1=" " ind2="3"><subfield code="a">landscapes</subfield></datafield><datafield tag="650" ind1=" " ind2="3"><subfield code="a">mortality</subfield></datafield><datafield tag="650" ind1=" " ind2="3"><subfield code="a">pests</subfield></datafield><datafield tag="651" ind1=" " ind2="3"><subfield code="a">Portugal</subfield></datafield><datafield tag="653" ind1=" " ind2="0"><subfield code="a">Bursaphelenchus xylophilus</subfield></datafield><datafield tag="653" ind1=" " ind2="0"><subfield code="a">Moran’s I</subfield></datafield><datafield tag="653" ind1=" " ind2="0"><subfield code="a">Pine wilt disease</subfield></datafield><datafield tag="653" ind1=" " ind2="0"><subfield code="a">Pinus pinaster</subfield></datafield><datafield tag="653" ind1=" " ind2="0"><subfield code="a">Spatial auto-correlation</subfield></datafield><datafield tag="700" ind1="1" ind2=" "><subfield code="a">Duarte, Cláudio M.</subfield><subfield code="e">author</subfield><subfield code="u">NOVA School of Science and Technology, NOVA University Lisbon, Campus de Caparica, 2829-516 Caparica, Portugal</subfield></datafield><datafield tag="700" ind1="1" ind2=" "><subfield code="a">Pimentel, Carla S.</subfield><subfield code="e">author</subfield><subfield code="u">Forest Research Centre (CEF), School of Agriculture, University of Lisbon, 1349-017 Lisbon, Portugal</subfield></datafield><datafield tag="773" ind1="0" ind2=" "><subfield code="t">Forest ecology and management.</subfield><subfield code="g">2019 Feb. 15, v. 433 p.43-51</subfield><subfield code="d">Elsevier B.V.</subfield><subfield code="w">Journal:jnl9013</subfield><subfield code="x">0378-1127</subfield><subfield code="7">nnas</subfield></datafield><datafield tag="787" ind1="1" ind2=" "><subfield code="o">islandora_article_repository</subfield></datafield><datafield tag="787" ind1="1" ind2=" "><subfield code="o">product_pubag</subfield></datafield><datafield tag="787" ind1="1" ind2=" "><subfield code="o">(Journal)jnl9013</subfield></datafield><datafield tag="856" ind1="4" ind2="0"><subfield code="u">https://dx.doi.org/10.1/j.foreco.2018.10.039</subfield><subfield code="3">Available from publisher's site</subfield></datafield><datafield tag="912" ind1=" " ind2=" "><subfield code="a">Article</subfield></datafield><datafield tag="914" ind1=" " ind2=" "><subfield code="a">Journal:jnl9013</subfield><subfield code="b">0378-1127</subfield><subfield code="c">433</subfield><subfield code="e">43</subfield></datafield><datafield tag="914" ind1=" " ind2=" "><subfield code="f">Forest ecology and management</subfield></datafield><datafield tag="916" ind1=" " ind2=" "><subfield code="a">Batch:2137</subfield></datafield><datafield tag="917" ind1=" " ind2=" "><subfield code="a">issued</subfield></datafield><datafield tag="918" ind1="2" ind2=" "><subfield code="a">Elsevier Consyn</subfield><subfield code="e">provider</subfield><subfield code="5">DNAL</subfield></datafield><datafield tag="935" ind1=" " ind2=" "><subfield code="a">IND606291705</subfield><subfield code="9">ExL</subfield></datafield><datafield tag="949" ind1=" " ind2=" "><subfield code="a">2019-04-03</subfield></datafield><datafield tag="953" ind1=" " ind2=" "><subfield code="a">/data/metadata/incoming/consyn/158674451863577553-00004-HEAD-ONLY-NEW CONSYN ISSNS.ZIP</subfield></datafield><datafield tag="954" ind1=" " ind2=" "><subfield code="a">file:/data/metadata/staging/consyn/S0378112718313410.xml</subfield></datafield><datafield tag="955" ind1=" " ind2=" "><subfield code="a">/data/metadata/staging/consyn/</subfield></datafield><datafield tag="974" ind1=" " ind2=" "><subfield code="a">agid:6291705</subfield></datafield><datafield tag="983" ind1=" " ind2=" "><subfield code="a">2021-01-14</subfield></datafield><datafield tag="984" ind1=" " ind2=" "><subfield code="a">2021-01-14</subfield></datafield></record>