<record><leader>04749nab a2200865 u 4500</leader><controlfield tag="001">9915905263007426</controlfield><controlfield tag="005">20221116172238.0</controlfield><controlfield tag="008">120516e20120515xx |||||o|||||||||||eng||</controlfield><datafield tag="" ind1="7" ind2=" "><subfield code="a">IND44876</subfield><subfield code="2">DNAL</subfield></datafield><datafield tag="024" ind1="7" ind2=" "><subfield code="a">22547831</subfield><subfield code="2">pmid</subfield></datafield><datafield tag="024" ind1="7" ind2=" "><subfield code="a">PMC3356654</subfield><subfield code="2">pmcid</subfield></datafield><datafield tag="024" ind1="7" ind2=" "><subfield code="a">10.1073/pnas.1203523109</subfield><subfield code="2">doi</subfield></datafield><datafield tag="035" ind1=" " ind2=" "><subfield code="a">agid:205676-01nal_inst</subfield></datafield><datafield tag="040" ind1=" " ind2=" "><subfield code="a">AGL</subfield><subfield code="b">eng</subfield><subfield code="c">AGL</subfield></datafield><datafield tag="100" ind1="1" ind2=" "><subfield code="a">Dexter, Kyle G.</subfield><subfield code="e">author</subfield><subfield code="u"> Biology Department, University Program in Genetics and Genomics and Center for Tropical Conservation, Nicholas School of the Environment and Earth Sciences, Duke University, Durham, NC 27708</subfield></datafield><datafield tag="245" ind1="1" ind2="0"><subfield code="a">Historical effects on beta diversity and community assembly in Amazonian trees</subfield></datafield><datafield tag="300" ind1=" " ind2=" "><subfield code="a">p. 7787-7792.</subfield></datafield><datafield tag="506" ind1=" " ind2=" "><subfield code="a">Resource is Open Access</subfield><subfield code="u">http://purl.org/eprint/accessRights/OpenAccess</subfield><subfield code="f">Unrestricted online access</subfield><subfield code="2">star</subfield></datafield><datafield tag="520" ind1=" " ind2=" "><subfield code="a">We present a unique perspective on the role of historical processes in community assembly by synthesizing analyses of species turnover among communities with environmental data and independent, population genetic-derived estimates of among-community dispersal. We sampled floodplain and terra firme communities of the diverse tree genus Inga (Fabaceae) across a 250-km transect in Amazonian Peru and found patterns of distance-decay in compositional similarity in both habitat types. However, conventional analyses of distance-decay masked a zone of increased species turnover present in the middle of the transect. We estimated past seed dispersal among the same communities by examining geographic plastid DNA variation for eight widespread Inga species and uncovered a population genetic break in the majority of species that is geographically coincident with the zone of increased species turnover. Analyses of these and 12 additional Inga species shared between two communities located on opposite sides of the zone showed that the populations experienced divergence 42,000–612,000 y ago. Our results suggest that the observed distance decay is the result not of environmental gradients or dispersal limitation coupled with ecological drift—as conventionally interpreted under neutral ecological theory—but rather of secondary contact between historically separated communities. Thus, even at this small spatial scale, historical processes seem to significantly impact species’ distributions and community assembly. Other documented zones of increased species turnover found in the western Amazon basin or elsewhere may be related to similar historical processes.</subfield></datafield><datafield tag="592" ind1=" " ind2=" "><subfield code="a">Publisher supplied data</subfield></datafield><datafield tag="593" ind1=" " ind2=" "><subfield code="a">PubAg article</subfield></datafield><datafield tag="650" ind1=" " ind2="3"><subfield code="a">Fabaceae</subfield></datafield><datafield tag="650" ind1=" " ind2="3"><subfield code="a">floodplains</subfield></datafield><datafield tag="650" ind1=" " ind2="3"><subfield code="a">habitats</subfield></datafield><datafield tag="650" ind1=" " ind2="3"><subfield code="a">plastid DNA</subfield></datafield><datafield tag="650" ind1=" " ind2="3"><subfield code="a">secondary contact</subfield></datafield><datafield tag="650" ind1=" " ind2="3"><subfield code="a">seed dispersal</subfield></datafield><datafield tag="650" ind1=" " ind2="3"><subfield code="a">species diversity</subfield></datafield><datafield tag="650" ind1=" " ind2="3"><subfield code="a">trees</subfield></datafield><datafield tag="650" ind1=" " ind2="2"><subfield code="a">Base Sequence</subfield></datafield><datafield tag="650" ind1=" " ind2="2"><subfield code="a">Bayes Theorem</subfield></datafield><datafield tag="650" ind1=" " ind2="2"><subfield code="a">Biodiversity</subfield></datafield><datafield tag="650" ind1=" " ind2="2"><subfield code="a">Biota</subfield></datafield><datafield tag="650" ind1=" " ind2="2"><subfield code="a">Demography</subfield><subfield code="x">history</subfield></datafield><datafield tag="650" ind1=" " ind2="2"><subfield code="a">Environment</subfield></datafield><datafield tag="650" ind1=" " ind2="2"><subfield code="a">Fabaceae</subfield><subfield code="x">genetics</subfield><subfield code="x">history</subfield></datafield><datafield tag="650" ind1=" " ind2="2"><subfield code="a">Genetic Variation</subfield><subfield code="x">genetics</subfield></datafield><datafield tag="650" ind1=" " ind2="2"><subfield code="a">Genetics, Population</subfield></datafield><datafield tag="650" ind1=" " ind2="2"><subfield code="a">Genome, Plastid</subfield><subfield code="x">genetics</subfield></datafield><datafield tag="650" ind1=" " ind2="2"><subfield code="a">Geography</subfield></datafield><datafield tag="650" ind1=" " ind2="2"><subfield code="a">History, Ancient</subfield></datafield><datafield tag="650" ind1=" " ind2="2"><subfield code="a">Models, Genetic</subfield></datafield><datafield tag="650" ind1=" " ind2="2"><subfield code="a">Molecular Sequence Data</subfield></datafield><datafield tag="650" ind1=" " ind2="2"><subfield code="a">Phylogeography</subfield></datafield><datafield tag="650" ind1=" " ind2="2"><subfield code="a">Principal Component Analysis</subfield></datafield><datafield tag="650" ind1=" " ind2="2"><subfield code="a">Sequence Analysis, DNA</subfield></datafield><datafield tag="650" ind1=" " ind2="2"><subfield code="a">Soil</subfield><subfield code="x">chemistry</subfield></datafield><datafield tag="650" ind1=" " ind2="2"><subfield code="a">Species Specificity</subfield></datafield><datafield tag="650" ind1=" " ind2="2"><subfield code="a">Trees</subfield></datafield><datafield tag="650" ind1=" " ind2="2"><subfield code="a">Tropical Climate</subfield></datafield><datafield tag="651" ind1=" " ind2="3"><subfield code="a">Peru</subfield></datafield><datafield tag="651" ind1=" " ind2="0"><subfield code="a">Peru</subfield></datafield><datafield tag="700" ind1="1" ind2=" "><subfield code="a">Terborgh, John W.</subfield><subfield code="e">author</subfield></datafield><datafield tag="700" ind1="1" ind2=" "><subfield code="a">Cunningham, Clifford W.</subfield><subfield code="e">author</subfield></datafield><datafield tag="773" ind1="0" ind2=" "><subfield code="t">Proceedings of the National Academy of Sciences of the United States of America.</subfield><subfield code="g">2012 May 15, v. 109, no. 20 p.7787-7792</subfield><subfield code="d">National Academy of Sciences</subfield><subfield code="x">0027-8424</subfield><subfield code="7">nnas</subfield></datafield><datafield tag="787" ind1="1" ind2=" "><subfield code="o">islandora_article_repository</subfield></datafield><datafield tag="787" ind1="1" ind2=" "><subfield code="o">product_pubag</subfield></datafield><datafield tag="787" ind1="1" ind2=" "><subfield code="o">(Journal)jnl45680</subfield></datafield><datafield tag="856" ind1="4" ind2="0"><subfield code="u">http://dx.doi.org/10.1073/pnas.1203523109</subfield></datafield><datafield tag="912" ind1=" " ind2=" "><subfield code="a">Article</subfield></datafield><datafield tag="914" ind1=" " ind2=" "><subfield code="a">Journal:jnl45680</subfield><subfield code="b">0027-8424</subfield><subfield code="c">109</subfield><subfield code="d">20</subfield><subfield code="e">7787</subfield></datafield><datafield tag="914" ind1=" " ind2=" "><subfield code="f">Proceedings of the National Academy of Sciences of the United States of America</subfield></datafield><datafield tag="916" ind1=" " ind2=" "><subfield code="a">Batch:686</subfield></datafield><datafield tag="917" ind1=" " ind2=" "><subfield code="a">issued</subfield></datafield><datafield tag="918" ind1="2" ind2=" "><subfield code="a">HighWire Press</subfield><subfield code="e">provider</subfield><subfield code="5">DNAL</subfield></datafield><datafield tag="935" ind1=" " ind2=" "><subfield code="a">IND44876</subfield><subfield code="9">ExL</subfield></datafield><datafield tag="949" ind1=" " ind2=" "><subfield code="a">2014-11-13</subfield></datafield><datafield tag="951" ind1=" " ind2=" "><subfield code="a">2012-05-16</subfield></datafield><datafield tag="953" ind1=" " ind2=" "><subfield code="a">pnas_109_20.ncbi.tar.gz</subfield></datafield><datafield tag="962" ind1=" " ind2=" "><subfield code="a">Journal ISSN is 1091-6490</subfield></datafield><datafield tag="962" ind1=" " ind2=" "><subfield code="a">Journal title changed from 'Proc Natl Acad Sci'</subfield></datafield><datafield tag="962" ind1=" " ind2=" "><subfield code="a">Batch:686 annotated on 2014-10-07T09:22:31Z</subfield></datafield><datafield tag="962" ind1=" " ind2=" "><subfield code="a">Batch:686 reviewed on 2014-11-13T04:00:03Z</subfield></datafield><datafield tag="962" ind1=" " ind2=" "><subfield code="a">Batch:686 reviewed on 2014-11-13T11:00:02Z</subfield></datafield><datafield tag="974" ind1=" " ind2=" "><subfield code="a">agid:205676</subfield></datafield></record>