<record><leader>04359nab a2200649 u 4500</leader><controlfield tag="001">9915905269607426</controlfield><controlfield tag="005">20221116172229.0</controlfield><controlfield tag="008">191003e201503 xx |||||o|||||||||||eng||</controlfield><datafield tag="" ind1="7" ind2=" "><subfield code="a">IND601212899</subfield><subfield code="2">DNAL</subfield></datafield><datafield tag="024" ind1="7" ind2=" "><subfield code="a">10.1007/s13595-014-0419-8</subfield><subfield code="2">doi</subfield></datafield><datafield tag="035" ind1=" " ind2=" "><subfield code="a">agid:1212899-01nal_inst</subfield></datafield><datafield tag="040" ind1=" " ind2=" "><subfield code="a">AGL</subfield><subfield code="b">eng</subfield><subfield code="c">AGL</subfield></datafield><datafield tag="100" ind1="1" ind2=" "><subfield code="a">Muhamed, Hassan</subfield><subfield code="e">author</subfield><subfield code="u">University of Bordeaux, U.M.R. INRA 1202 BIOGECO, Avenue des Facultés, 33405, Talence cedex, France. hassan.muhamed@uod.ac</subfield></datafield><datafield tag="245" ind1="1" ind2="0"><subfield code="a">Shrub-oak seedling spatial associations change in response to the functional composition of neighbouring shrubs in coastal dune forest communities</subfield></datafield><datafield tag="300" ind1=" " ind2=" "><subfield code="a">p. 231-241.</subfield></datafield><datafield tag="500" ind1=" " ind2=" "><subfield code="a">2019-12-04</subfield></datafield><datafield tag="520" ind1=" " ind2=" "><subfield code="a">•CONTEXT : The abundance and distribution of tree regeneration is driven by several processes acting at both the seedling establishment and survival stages. Plant– plant interactions highly contribute to regeneration dynamics through seed dispersal and competition or facilitation processes. •AIMS : The aim of the present study was to assess the relative importance of different functional groups of shrubs for the early establishment of oak seedlings in the coastal forest communities of south-western France. •MATERIAL AND METHODS : We applied spatial and non-spatial analysis methods in eleven 315-m² regeneration plots. Within each plot, oak seedlings (height &lt;25 cm) and shrubs (height &gt;50 cm and DBH &lt;4 cm) were mapped to ±1 cm. The spatial distribution patterns of the oak seedlings (Quercus robur, Quercus suber and Quercus ilex) were analysed for each species while the association patterns were detected between the seedlings of the three oaks and four functional groups of shrubs (Fagaceae, Ericaceae, Fabaceae and spiny shrubs) known to have contrasting effects on other species. •RESULTS : Oak seedling species were very often spatially aggregated at short distances (&lt;1 m). Oak seedlings were also positively associated with shrubs of the same species within the Fagaceae group, whereas we detected negative associations with Ericaceae and no dominant significant pattern for Fabaceae and spiny shrubs. •CONCLUSION : The aggregated distribution of seedlings of the three oak species was due to short-distance seed dispersal, which also explained their positive spatial associations with Fagaceae shrubs. Thus, in order to enhance oak recruitment in these ecosystems, forest managers should focus on the control of Ericaceae shrubs, while preserving Fagaceae shrubs.</subfield></datafield><datafield tag="592" ind1=" " ind2=" "><subfield code="a">Publisher supplied data</subfield></datafield><datafield tag="593" ind1=" " ind2=" "><subfield code="a">PubAg article</subfield></datafield><datafield tag="650" ind1=" " ind2="3"><subfield code="a">managers</subfield></datafield><datafield tag="650" ind1=" " ind2="3"><subfield code="a">shrubs</subfield></datafield><datafield tag="650" ind1=" " ind2="3"><subfield code="a">seedlings</subfield></datafield><datafield tag="650" ind1=" " ind2="3"><subfield code="a">Fabaceae</subfield></datafield><datafield tag="650" ind1=" " ind2="3"><subfield code="a">Ericaceae</subfield></datafield><datafield tag="650" ind1=" " ind2="3"><subfield code="a">trees</subfield></datafield><datafield tag="650" ind1=" " ind2="3"><subfield code="a">Quercus robur</subfield></datafield><datafield tag="650" ind1=" " ind2="3"><subfield code="a">ecosystems</subfield></datafield><datafield tag="650" ind1=" " ind2="3"><subfield code="a">Quercus suber</subfield></datafield><datafield tag="650" ind1=" " ind2="3"><subfield code="a">forest communities</subfield></datafield><datafield tag="650" ind1=" " ind2="3"><subfield code="a">Quercus ilex</subfield></datafield><datafield tag="650" ind1=" " ind2="3"><subfield code="a">seed dispersal</subfield></datafield><datafield tag="650" ind1=" " ind2="3"><subfield code="a">forests</subfield></datafield><datafield tag="651" ind1=" " ind2="3"><subfield code="a">France</subfield></datafield><datafield tag="653" ind1=" " ind2="0"><subfield code="a">recruitment</subfield></datafield><datafield tag="653" ind1=" " ind2="0"><subfield code="a">functional response</subfield></datafield><datafield tag="700" ind1="1" ind2=" "><subfield code="a">Lingua, Emanuele</subfield><subfield code="e">author</subfield><subfield code="u">Department TESAF, University of Padova, Viale dell’Università, 16, I-35020, Legnaro, PD, Italy</subfield></datafield><datafield tag="700" ind1="1" ind2=" "><subfield code="a">Maalouf, Jean-Paul</subfield><subfield code="e">author</subfield><subfield code="u">University of Bordeaux, U.M.R. INRA 1202 BIOGECO, Avenue des Facultés, 33405, Talence cedex, France</subfield></datafield><datafield tag="700" ind1="1" ind2=" "><subfield code="a">Michalet, Richard</subfield><subfield code="e">author</subfield><subfield code="u">University of Bordeaux, U.M.R. CNRS 5805 EPOC, Avenue des Facultés, 33405, Talence cedex, France</subfield></datafield><datafield tag="773" ind1="0" ind2=" "><subfield code="t">Annals of forest science.</subfield><subfield code="g">2015 Mar., v. 72, no. 2 p.231-241</subfield><subfield code="d">Springer Paris</subfield><subfield code="w">Journal:2137</subfield><subfield code="x">1286-4560</subfield><subfield code="7">nnas</subfield></datafield><datafield tag="787" ind1="1" ind2=" "><subfield code="o">islandora_article_repository</subfield></datafield><datafield tag="787" ind1="1" ind2=" "><subfield code="o">product_pubag</subfield></datafield><datafield tag="787" ind1="1" ind2=" "><subfield code="o">(Journal)2137</subfield></datafield><datafield tag="856" ind1="4" ind2="0"><subfield code="u">https://dx.doi.org/10.1007/s13595-014-0419-8</subfield><subfield code="3">Available from publisher's site</subfield></datafield><datafield tag="912" ind1=" " ind2=" "><subfield code="a">Article</subfield></datafield><datafield tag="914" ind1=" " ind2=" "><subfield code="a">Journal:2137</subfield><subfield code="b">1286-4560</subfield><subfield code="c">72</subfield><subfield code="d">2</subfield><subfield code="e">231</subfield></datafield><datafield tag="914" ind1=" " ind2=" "><subfield code="f">Annals of forest science</subfield></datafield><datafield tag="916" ind1=" " ind2=" "><subfield code="a">Batch:889</subfield></datafield><datafield tag="917" ind1=" " ind2=" "><subfield code="a">issued</subfield></datafield><datafield tag="918" ind1="2" ind2=" "><subfield code="a">Springer</subfield><subfield code="e">provider</subfield><subfield code="5">DNAL</subfield></datafield><datafield tag="935" ind1=" " ind2=" "><subfield code="a">IND601212899</subfield><subfield code="9">ExL</subfield></datafield><datafield tag="949" ind1=" " ind2=" "><subfield code="a">2019-10-03</subfield></datafield><datafield tag="953" ind1=" " ind2=" "><subfield code="a">/data/metadata/incoming/springer/ftp_PUB_19-09-27_05-37-40.zip</subfield></datafield><datafield tag="954" ind1=" " ind2=" "><subfield code="a">file:/data/metadata/staging/springer/13595-72-2.xml</subfield></datafield><datafield tag="955" ind1=" " ind2=" "><subfield code="a">/data/metadata/staging/springer/</subfield></datafield><datafield tag="974" ind1=" " ind2=" "><subfield code="a">agid:1212899</subfield></datafield><datafield tag="983" ind1=" " ind2=" "><subfield code="a">2019-10-03</subfield></datafield><datafield tag="984" ind1=" " ind2=" "><subfield code="a">2019-10-03</subfield></datafield></record>