<record><leader>04014nab a2200637 u 4500</leader><controlfield tag="001">9915905573907426</controlfield><controlfield tag="005">20221116172625.0</controlfield><controlfield tag="008">190403e20130515xx |||||o|||||||||||eng||</controlfield><datafield tag="" ind1="7" ind2=" "><subfield code="a">IND500650727</subfield><subfield code="2">DNAL</subfield></datafield><datafield tag="024" ind1="7" ind2=" "><subfield code="a">10.1/j.foreco.2013.02.005</subfield><subfield code="2">doi</subfield></datafield><datafield tag="035" ind1=" " ind2=" "><subfield code="a">agid:422664-01nal_inst</subfield></datafield><datafield tag="040" ind1=" " ind2=" "><subfield code="a">AGL</subfield><subfield code="b">eng</subfield><subfield code="c">AGL</subfield></datafield><datafield tag="100" ind1="1" ind2=" "><subfield code="a">Martínez, Isabel</subfield><subfield code="e">author</subfield><subfield code="u">UFZ, Helmholtz Centre for Environmental Research – UFZ, Department of Ecological Modelling, Permoserstr. 15, 04318 Leipzig, Germany</subfield></datafield><datafield tag="245" ind1="1" ind2="0"><subfield code="a">Spatial patterns of seedling-adult associations in a temperate forest community</subfield></datafield><datafield tag="300" ind1=" " ind2=" "><subfield code="a">p. 74-80.</subfield></datafield><datafield tag="500" ind1=" " ind2=" "><subfield code="a">2019-12-06</subfield></datafield><datafield tag="520" ind1=" " ind2=" "><subfield code="a">The spatial patterns of seedling recruitment were examined in a temperate deciduous forest stand of NW Spain. The emergence and survival of individual seedlings were sampled during two recruitment seasons for the five dominant tree species (Corylus avellana, Crataegus monogyna, Fagus sylvatica, Ilex aquifolium and Taxus baccata). Point pattern analyses based on the mark correlation functions and the independent marking null model were used to explore the relationship between seedling density and the location of individual adults of the same and of different species. Overall, we found that negative or null patterns of association dominated at intermediate to large scales in our study site. Surprisingly, there were almost no positive associations at small scales, except for some pairs of fleshy-fruited species. At the same time, the massive recruitment of F. sylvatica following a mast event was accompanied by positive associations at larger scales. Spatial changes in seedling abundance were demonstrated to depend not only on the distribution of conspecific adult trees, but to lay a spatial signature of the location of adults from other species. The temporal persistence of some of these patterns and changes associated to varying production highlight the need for a community approach to study tree recruitment.</subfield></datafield><datafield tag="592" ind1=" " ind2=" "><subfield code="a">Publisher supplied data</subfield></datafield><datafield tag="593" ind1=" " ind2=" "><subfield code="a">PubAg article</subfield></datafield><datafield tag="650" ind1=" " ind2="3"><subfield code="a">Corylus avellana</subfield></datafield><datafield tag="650" ind1=" " ind2="3"><subfield code="a">Crataegus monogyna</subfield></datafield><datafield tag="650" ind1=" " ind2="3"><subfield code="a">Taxus baccata</subfield></datafield><datafield tag="650" ind1=" " ind2="3"><subfield code="a">seedlings</subfield></datafield><datafield tag="650" ind1=" " ind2="3"><subfield code="a">temperate forests</subfield></datafield><datafield tag="650" ind1=" " ind2="3"><subfield code="a">forest stands</subfield></datafield><datafield tag="650" ind1=" " ind2="3"><subfield code="a">trees</subfield></datafield><datafield tag="650" ind1=" " ind2="3"><subfield code="a">Ilex aquifolium</subfield></datafield><datafield tag="650" ind1=" " ind2="3"><subfield code="a">Fagus sylvatica</subfield></datafield><datafield tag="650" ind1=" " ind2="3"><subfield code="a">adults</subfield></datafield><datafield tag="653" ind1=" " ind2="0"><subfield code="a">Biotic interactions</subfield></datafield><datafield tag="653" ind1=" " ind2="0"><subfield code="a">Mark correlation function</subfield></datafield><datafield tag="653" ind1=" " ind2="0"><subfield code="a">Spatial point patterns</subfield></datafield><datafield tag="653" ind1=" " ind2="0"><subfield code="a">recruitment</subfield></datafield><datafield tag="653" ind1=" " ind2="0"><subfield code="a">Fleshy-fruited trees</subfield></datafield><datafield tag="653" ind1=" " ind2="0"><subfield code="a">Seedling emergence</subfield></datafield><datafield tag="700" ind1="1" ind2=" "><subfield code="a">González Taboada, Fernando</subfield><subfield code="e">author</subfield><subfield code="u">Área de Ecología., Dpto. Biología de Organismos y Sistemas de la Universidad de Oviedo, C/Valentín Andrés Álvarez s/n, E33071 Oviedo, Spain</subfield></datafield><datafield tag="700" ind1="1" ind2=" "><subfield code="a">Wiegand, Thorsten</subfield><subfield code="e">author</subfield><subfield code="u">UFZ, Helmholtz Centre for Environmental Research – UFZ, Department of Ecological Modelling, Permoserstr. 15, 04318 Leipzig, Germany</subfield></datafield><datafield tag="700" ind1="1" ind2=" "><subfield code="a">Obeso, José Ramón</subfield><subfield code="e">author</subfield><subfield code="u">Área de Ecología., Dpto. Biología de Organismos y Sistemas de la Universidad de Oviedo, C/Valentín Andrés Álvarez s/n, E33071 Oviedo, Spain</subfield></datafield><datafield tag="773" ind1="0" ind2=" "><subfield code="t">Forest ecology and management.</subfield><subfield code="g">2013 May 15, v. 296 p.74-80</subfield><subfield code="d">Elsevier B.V.</subfield><subfield code="w">Journal:jnl9013</subfield><subfield code="x">0378-1127</subfield><subfield code="7">nnas</subfield></datafield><datafield tag="787" ind1="1" ind2=" "><subfield code="o">islandora_article_repository</subfield></datafield><datafield tag="787" ind1="1" ind2=" "><subfield code="o">product_pubag</subfield></datafield><datafield tag="787" ind1="1" ind2=" "><subfield code="o">(Journal)jnl9013</subfield></datafield><datafield tag="856" ind1="4" ind2="0"><subfield code="u">https://dx.doi.org/10.1/j.foreco.2013.02.005</subfield><subfield code="3">Available from publisher's site</subfield></datafield><datafield tag="912" ind1=" " ind2=" "><subfield code="a">Article</subfield></datafield><datafield tag="914" ind1=" " ind2=" "><subfield code="a">Journal:jnl9013</subfield><subfield code="b">0378-1127</subfield><subfield code="c">296</subfield><subfield code="e">74</subfield></datafield><datafield tag="914" ind1=" " ind2=" "><subfield code="f">Forest ecology and management</subfield></datafield><datafield tag="917" ind1=" " ind2=" "><subfield code="a">issued</subfield></datafield><datafield tag="918" ind1="2" ind2=" "><subfield code="a">Elsevier Consyn</subfield><subfield code="e">provider</subfield><subfield code="5">DNAL</subfield></datafield><datafield tag="935" ind1=" " ind2=" "><subfield code="a">IND500650727</subfield><subfield code="9">ExL</subfield></datafield><datafield tag="949" ind1=" " ind2=" "><subfield code="a">2019-04-03</subfield></datafield><datafield tag="953" ind1=" " ind2=" "><subfield code="a" >/data/metadata/incoming/consyn-backfiles/46-2-00064-HEAD-ONLY.zip</subfield></datafield><datafield tag="954" ind1=" " ind2=" "><subfield code="a" >file:/data/metadata/staging/consyn-backfiles/S0378112713000996.xml</subfield></datafield><datafield tag="955" ind1=" " ind2=" "><subfield code="a">/data/metadata/staging/consyn-backfiles/</subfield></datafield><datafield tag="974" ind1=" " ind2=" "><subfield code="a">agid:422664</subfield></datafield><datafield tag="983" ind1=" " ind2=" "><subfield code="a">2019-04-03</subfield></datafield><datafield tag="984" ind1=" " ind2=" "><subfield code="a">2019-04-03</subfield></datafield></record>