<record><leader>04024nab a2200649 u 4500</leader><controlfield tag="001">9915906540707426</controlfield><controlfield tag="005">20221116182528.0</controlfield><controlfield tag="008">140410e20110103xx |||||o|||||||||||eng||</controlfield><datafield tag="" ind1="7" ind2=" "><subfield code="a">IND500749337</subfield><subfield code="2">DNAL</subfield></datafield><datafield tag="024" ind1="7" ind2=" "><subfield code="a">10.1080/10641262.2010.533794</subfield><subfield code="2">doi</subfield></datafield><datafield tag="035" ind1=" " ind2=" "><subfield code="a">agid:253374-01nal_inst</subfield></datafield><datafield tag="040" ind1=" " ind2=" "><subfield code="a">AGL</subfield><subfield code="b">eng</subfield><subfield code="c">AGL</subfield></datafield><datafield tag="100" ind1="1" ind2=" "><subfield code="a">Sinclair, William</subfield><subfield code="e">author</subfield><subfield code="u"> Centre for Wildlife Conservation, Faculty of Science and Natural Resources, University of Cumbria, Penrith, United Kingdom</subfield></datafield><datafield tag="245" ind1="1" ind2="0"><subfield code="a">Spatial Subdivision and Genetic Diversity in Populations on the East and West Coasts of Australia: The Multi-Faceted Case of Nautilus pompilius (Mollusca, Cephalopoda)</subfield></datafield><datafield tag="300" ind1=" " ind2=" "><subfield code="a">p. 52-61.</subfield></datafield><datafield tag="520" ind1=" " ind2=" "><subfield code="a">The fragmented distribution of Nautilus pompilius and its biology suggest there will be significant genetic divergence and spatial subdivision between east and west Australian populations. Samples were collected from the northern Great Barrier Reef, the Coral Sea, and the Scott Reef off Western Australia. Phylogenetic trees and a minimum spanning tree were developed from these data to elucidate evolutionary relationships. These data demonstrate significant evolutionary separation of each of the three populations into strongly supported discrete clades matching geographic stratification. Within each of the discrete populations, genetic variation is evident. Strong inter-population variation is evident, with discrete geographic clades being recognized for each extant group. The distinct spatial subdivision between east and west Australian populations of Nautilus are related to geographic and physical isolation over evolutionary time, and this has important fisheries management implications. The distinct geographic patterns of genetic structuring demonstrated by these data indicate the existence of discrete eastern and western Australian management units, and as such, these Nautilus populations should be managed discretely, as each has a high conservation value containing unique genetic variation.</subfield></datafield><datafield tag="592" ind1=" " ind2=" "><subfield code="a">Publisher supplied data</subfield></datafield><datafield tag="593" ind1=" " ind2=" "><subfield code="a">PubAg article</subfield></datafield><datafield tag="650" ind1=" " ind2="3"><subfield code="a">Cephalopoda</subfield></datafield><datafield tag="650" ind1=" " ind2="3"><subfield code="a">coasts</subfield></datafield><datafield tag="650" ind1=" " ind2="3"><subfield code="a">fisheries management</subfield></datafield><datafield tag="650" ind1=" " ind2="3"><subfield code="a">genetic variation</subfield></datafield><datafield tag="650" ind1=" " ind2="3"><subfield code="a">phylogeny</subfield></datafield><datafield tag="651" ind1=" " ind2="3"><subfield code="a">Coral Sea</subfield></datafield><datafield tag="651" ind1=" " ind2="3"><subfield code="a">Great Barrier Reef</subfield></datafield><datafield tag="651" ind1=" " ind2="3"><subfield code="a">Western Australia</subfield></datafield><datafield tag="653" ind1=" " ind2="0"><subfield code="a">Nautilus</subfield></datafield><datafield tag="653" ind1=" " ind2="0"><subfield code="a">coxI</subfield></datafield><datafield tag="653" ind1=" " ind2="0"><subfield code="a">spatial subdivision</subfield></datafield><datafield tag="653" ind1=" " ind2="0"><subfield code="a">Great Barrier Reef</subfield></datafield><datafield tag="653" ind1=" " ind2="0"><subfield code="a">Western Australia</subfield></datafield><datafield tag="653" ind1=" " ind2="0"><subfield code="a">population genetics</subfield></datafield><datafield tag="700" ind1="1" ind2=" "><subfield code="a">Newman, Stephen J.</subfield><subfield code="e">author</subfield><subfield code="u"> Western Australian Fisheries and Marine Research Laboratories, Department of Fisheries, Government of Western Australia, North Beach, WA, Australia</subfield></datafield><datafield tag="700" ind1="1" ind2=" "><subfield code="a">Vianna, Gabriel M. S.</subfield><subfield code="e">author</subfield><subfield code="u"> Undersea Explorer, Port Douglas, Queensland, Australia</subfield></datafield><datafield tag="700" ind1="1" ind2=" "><subfield code="a">Williams, Steven</subfield><subfield code="e">author</subfield><subfield code="u"> Centre for Environmental Management, CQUniversity, Rockhampton, Queensland, Australia</subfield></datafield><datafield tag="700" ind1="1" ind2=" "><subfield code="a">Aspden, William J.</subfield><subfield code="e">author</subfield><subfield code="u"> Centre for Environmental Management, CQUniversity, Rockhampton, Queensland, Australia</subfield></datafield><datafield tag="773" ind1="0" ind2=" "><subfield code="t">Reviews in fisheries science.</subfield><subfield code="g">2011 Jan. 3, v. 19, no. 1 p.52-61</subfield><subfield code="d">Taylor &amp; Francis Group</subfield><subfield code="w">Journal:jnl4391933</subfield><subfield code="x">1064-1262</subfield><subfield code="7">nnas</subfield></datafield><datafield tag="787" ind1="1" ind2=" "><subfield code="o">islandora_article_repository</subfield></datafield><datafield tag="787" ind1="1" ind2=" "><subfield code="o">product_pubag</subfield></datafield><datafield tag="787" ind1="1" ind2=" "><subfield code="o">(Journal)jnl4391933</subfield></datafield><datafield tag="856" ind1="4" ind2="0"><subfield code="u">http://dx.doi.org/10.1080/10641262.2010.533794</subfield></datafield><datafield tag="912" ind1=" " ind2=" "><subfield code="a">Article</subfield></datafield><datafield tag="914" ind1=" " ind2=" "><subfield code="a">Journal:jnl4391933</subfield><subfield code="b">1547-6553</subfield><subfield code="c">19</subfield><subfield code="d">1</subfield><subfield code="e">52</subfield></datafield><datafield tag="914" ind1=" " ind2=" "><subfield code="f">Reviews in fisheries science</subfield></datafield><datafield tag="916" ind1=" " ind2=" "><subfield code="a">Batch:983</subfield></datafield><datafield tag="917" ind1=" " ind2=" "><subfield code="a">issued</subfield></datafield><datafield tag="918" ind1="2" ind2=" "><subfield code="a">Taylor &amp; Francis Group</subfield><subfield code="e">provider</subfield><subfield code="5">DNAL</subfield></datafield><datafield tag="935" ind1=" " ind2=" "><subfield code="a">IND500749337</subfield><subfield code="9">ExL</subfield></datafield><datafield tag="949" ind1=" " ind2=" "><subfield code="a">2015-07-31</subfield></datafield><datafield tag="951" ind1=" " ind2=" "><subfield code="a">2014-04-10</subfield></datafield><datafield tag="953" ind1=" " ind2=" "><subfield code="a">brfs20_brfs20.v019.i01_20111208104812#856504.zip</subfield></datafield><datafield tag="962" ind1=" " ind2=" "><subfield code="a">Missing ISSN</subfield></datafield><datafield tag="962" ind1=" " ind2=" "><subfield code="a">Batch:983 reviewed on 2015-07-31T11:00:04Z</subfield></datafield><datafield tag="962" ind1=" " ind2=" "><subfield code="a">Batch:983 reviewed on 2015-07-31T16:00:03Z</subfield></datafield><datafield tag="974" ind1=" " ind2=" "><subfield code="a">agid:253374</subfield></datafield><datafield tag="983" ind1=" " ind2=" "><subfield code="a">2014-04-10</subfield></datafield><datafield tag="984" ind1=" " ind2=" "><subfield code="a">2018-05-22</subfield></datafield></record>