<record><leader>03412nab a2200517 u 4500</leader><controlfield tag="001">9915906624707426</controlfield><controlfield tag="005">20221116183439.0</controlfield><controlfield tag="008">190703e20170713xx |||||o|||||||||||eng||</controlfield><datafield tag="" ind1="7" ind2=" "><subfield code="a">IND606491450</subfield><subfield code="2">DNAL</subfield></datafield><datafield tag="024" ind1="7" ind2=" "><subfield code="a">10.3390/ijgi6070217</subfield><subfield code="2">doi</subfield></datafield><datafield tag="035" ind1=" " ind2=" "><subfield code="a">agid:6491450-01nal_inst</subfield></datafield><datafield tag="040" ind1=" " ind2=" "><subfield code="a">AGL</subfield><subfield code="b">eng</subfield><subfield code="c">AGL</subfield></datafield><datafield tag="100" ind1="1" ind2=" "><subfield code="a">Wu, Xiaozhu</subfield><subfield code="e">author</subfield></datafield><datafield tag="245" ind1="1" ind2="0"><subfield code="a">SCMDOT: Spatial Clustering with Multiple Density-Ordered Trees</subfield></datafield><datafield tag="520" ind1=" " ind2=" "><subfield code="a">With the rapid explosion of information based on location, spatial clustering plays an increasingly significant role in this day and age as an important technique in geographical data analysis. Most existing spatial clustering algorithms are limited by complicated spatial patterns, which have difficulty in discovering clusters with arbitrary shapes and uneven density. In order to overcome such limitations, we propose a novel clustering method called Spatial Clustering with Multiple Density-Ordered Trees (SCMDOT). Motivated by the idea of the Density-Ordered Tree (DOT), we firstly represent the original dataset by the means of constructing Multiple Density-Ordered Trees (MDOT). In the constructing process, we impose additional constraints to control the growth of each Density-Ordered Tree, ensuring that they all have high spatial similarity. Furthermore, a series of MDOT can be successively generated from regions of sparse areas to the dense areas, where each Density-Ordered Tree, also treated as a sub-tree, represents a cluster. In the merging process, the final clusters are obtained by repeatedly merging a suitable pair of clusters until they satisfy the expected clustering result. In addition, a heuristic strategy is applied during the process of our algorithm for suitability for special applications. The experiments on synthetic and real-world spatial databases are utilised to demonstrate the performance of our proposed method.</subfield></datafield><datafield tag="592" ind1=" " ind2=" "><subfield code="a">Publisher supplied data</subfield></datafield><datafield tag="593" ind1=" " ind2=" "><subfield code="a">PubAg article</subfield></datafield><datafield tag="650" ind1=" " ind2="3"><subfield code="a">algorithms</subfield></datafield><datafield tag="650" ind1=" " ind2="3"><subfield code="a">cluster analysis</subfield></datafield><datafield tag="650" ind1=" " ind2="3"><subfield code="a">data collection</subfield></datafield><datafield tag="650" ind1=" " ind2="3"><subfield code="a">databases</subfield></datafield><datafield tag="650" ind1=" " ind2="3"><subfield code="a">spatial data</subfield></datafield><datafield tag="650" ind1=" " ind2="3"><subfield code="a">trees</subfield></datafield><datafield tag="700" ind1="1" ind2=" "><subfield code="a">Jiang, Hong</subfield><subfield code="e">author</subfield><subfield code="u">Key Laboratory of Spatial Data Mining &amp;amp; Information Sharing, Ministry of Education, Fuzhou University, Fuzhou 350002, China. jh_fzuniversity@126.com</subfield></datafield><datafield tag="700" ind1="1" ind2=" "><subfield code="a">Chen, Chongcheng</subfield><subfield code="e">author</subfield></datafield><datafield tag="773" ind1="0" ind2=" "><subfield code="t">ISPRS international journal of geo-information.</subfield><subfield code="g">2017 July 13, v. 6, no. 7</subfield><subfield code="d">Multidisciplinary Digital Publishing Institute</subfield><subfield code="w">Journal:21619</subfield><subfield code="x">2220-9964</subfield><subfield code="7">nnas</subfield></datafield><datafield tag="787" ind1="1" ind2=" "><subfield code="o">islandora_article_repository</subfield></datafield><datafield tag="787" ind1="1" ind2=" "><subfield code="o">product_pubag</subfield></datafield><datafield tag="787" ind1="1" ind2=" "><subfield code="o">(Journal)21619</subfield></datafield><datafield tag="856" ind1="4" ind2="0"><subfield code="u">http://dx.doi.org/10.3390/ijgi6070217</subfield><subfield code="3">Available from publisher's site</subfield></datafield><datafield tag="912" ind1=" " ind2=" "><subfield code="a">Article</subfield></datafield><datafield tag="914" ind1=" " ind2=" "><subfield code="a">Journal:21619</subfield><subfield code="b">2220-9964</subfield><subfield code="c">6</subfield><subfield code="d">7</subfield></datafield><datafield tag="914" ind1=" " ind2=" "><subfield code="f">ISPRS international journal of geo-information</subfield></datafield><datafield tag="916" ind1=" " ind2=" "><subfield code="a">Batch:2276</subfield></datafield><datafield tag="916" ind1=" " ind2=" "><subfield code="a">Batch:2305</subfield></datafield><datafield tag="917" ind1=" " ind2=" "><subfield code="a">issued</subfield></datafield><datafield tag="918" ind1="2" ind2=" "><subfield code="a">Multidisciplinary Digital Publishing Institute</subfield><subfield code="e">provider</subfield><subfield code="5">DNAL</subfield></datafield><datafield tag="935" ind1=" " ind2=" "><subfield code="a">IND606491450</subfield><subfield code="9">ExL</subfield></datafield><datafield tag="949" ind1=" " ind2=" "><subfield code="a">2019-09-16</subfield></datafield><datafield tag="953" ind1=" " ind2=" "><subfield code="a">/data/metadata/incoming/mdpinstitute/ijgi-v06-i07-20170726.xml</subfield></datafield><datafield tag="954" ind1=" " ind2=" "><subfield code="a" >file:/data/metadata/staging/mdpinstitute/ijgi-v06-i07-20170726.xml</subfield></datafield><datafield tag="955" ind1=" " ind2=" "><subfield code="a">/data/metadata/staging/mdpinstitute/</subfield></datafield><datafield tag="962" ind1=" " ind2=" "><subfield code="a">Batch:2305 reviewed on 2019-09-16T09:00:04Z</subfield></datafield><datafield tag="974" ind1=" " ind2=" "><subfield code="a">agid:6491450</subfield></datafield><datafield tag="983" ind1=" " ind2=" "><subfield code="a">2019-07-03</subfield></datafield><datafield tag="984" ind1=" " ind2=" "><subfield code="a">2019-09-16</subfield></datafield></record>