<record><leader>04119nab a2200649 u 4500</leader><controlfield tag="001">9915906634307426</controlfield><controlfield tag="005">20221116183424.0</controlfield><controlfield tag="008">150523e201504 xx |||||o|||||||||||eng||</controlfield><datafield tag="" ind1="7" ind2=" "><subfield code="a">IND601377184</subfield><subfield code="2">DNAL</subfield></datafield><datafield tag="024" ind1="7" ind2=" "><subfield code="a">10.1111/avsc.12135</subfield><subfield code="2">doi</subfield></datafield><datafield tag="035" ind1=" " ind2=" "><subfield code="a">agid:1377184-01nal_inst</subfield></datafield><datafield tag="040" ind1=" " ind2=" "><subfield code="a">AGL</subfield><subfield code="b">eng</subfield><subfield code="c">AGL</subfield></datafield><datafield tag="100" ind1="1" ind2=" "><subfield code="a">Martínez, Daniel</subfield><subfield code="e">author</subfield><subfield code="u">Departamento de Biología de Organismos y Sistemas, Universidad de Oviedo, Unidad Mixta de Investigación en Biodiversidad (CSIC‐UO‐PA), Oviedo, 33071, Asturias, Spain</subfield></datafield><datafield tag="245" ind1="1" ind2="0"><subfield code="a">Changes in the fruiting landscape relax restrictions on endozoochorous tree dispersal into deforested lands</subfield></datafield><datafield tag="300" ind1=" " ind2=" "><subfield code="a">p. 197-208.</subfield></datafield><datafield tag="520" ind1=" " ind2=" "><subfield code="a">QUESTION: Passive forest restoration is based on the natural recovery of degraded habitats. However, tree recruitment is frequently hampered in deforested lands. Tree seed dispersal is scarce and spatially constrained, confining the potential of forest regeneration to a narrow band surrounding forest remnants. Understanding how landscape configuration can favour endozoochorous seed dispersal into deforested lands is thus crucial to recover forest extent and the concomitant ecosystem services. Can distance restrictions on seed dispersal be modified as a result of temporal variability of fruit–frugivore systems? LOCATION: Deforested montane pastures surrounding fragments of secondary temperate forest, Cantabrian Range, Spain. METHODS: For 2 yr, we evaluated the patterns of fruit production, frugivorous bird movement and tree seed dispersal through the landscape. Seed dispersal in deforested sampling stations was related to their distance to forest cover and the amount of forest cover in their surroundings. RESULTS: The large‐scale spatial distribution of fruits varied strongly between years, with relatively higher fruit production in isolated trees within pastures in the second year, when birds were more frequently observed perching on isolated trees. In both years, few seeds were dispersed into deforested areas, and those dispersed occurred close to forest cover. Nevertheless, seed arrival at longer distances increased during the second year. When more fruits were produced within the pastures, birds more often overcame their reluctance to leave the forest, and this change in frugivore foraging patterns cascaded into the spatial patterns of seed dispersal. CONCLUSIONS: By influencing frugivore activity, temporal dynamism in fruiting landscapes can relax the restriction on tree seed dispersal into deforested areas. Landscape biological dynamism should be taken into account in order to manage rewilding in European temperate forests.</subfield></datafield><datafield tag="592" ind1=" " ind2=" "><subfield code="a">Publisher supplied data</subfield></datafield><datafield tag="593" ind1=" " ind2=" "><subfield code="a">PubAg article</subfield></datafield><datafield tag="650" ind1=" " ind2="3"><subfield code="a">birds</subfield></datafield><datafield tag="650" ind1=" " ind2="3"><subfield code="a">ecosystem services</subfield></datafield><datafield tag="650" ind1=" " ind2="3"><subfield code="a">foraging</subfield></datafield><datafield tag="650" ind1=" " ind2="3"><subfield code="a">forest regeneration</subfield></datafield><datafield tag="650" ind1=" " ind2="3"><subfield code="a">forest restoration</subfield></datafield><datafield tag="650" ind1=" " ind2="3"><subfield code="a">frugivores</subfield></datafield><datafield tag="650" ind1=" " ind2="3"><subfield code="a">fruit growing</subfield></datafield><datafield tag="650" ind1=" " ind2="3"><subfield code="a">fruiting</subfield></datafield><datafield tag="650" ind1=" " ind2="3"><subfield code="a">fruits</subfield></datafield><datafield tag="650" ind1=" " ind2="3"><subfield code="a">habitats</subfield></datafield><datafield tag="650" ind1=" " ind2="3"><subfield code="a">landscapes</subfield></datafield><datafield tag="650" ind1=" " ind2="3"><subfield code="a">pastures</subfield></datafield><datafield tag="650" ind1=" " ind2="3"><subfield code="a">seed dispersal</subfield></datafield><datafield tag="650" ind1=" " ind2="3"><subfield code="a">seeds</subfield></datafield><datafield tag="650" ind1=" " ind2="3"><subfield code="a">species recruitment</subfield></datafield><datafield tag="650" ind1=" " ind2="3"><subfield code="a">temperate forests</subfield></datafield><datafield tag="650" ind1=" " ind2="3"><subfield code="a">temporal variation</subfield></datafield><datafield tag="650" ind1=" " ind2="3"><subfield code="a">trees</subfield></datafield><datafield tag="651" ind1=" " ind2="3"><subfield code="a">Spain</subfield></datafield><datafield tag="700" ind1="1" ind2=" "><subfield code="a">García, Daniel</subfield><subfield code="e">author</subfield></datafield><datafield tag="700" ind1="1" ind2=" "><subfield code="a">Ewald, Jörg</subfield><subfield code="e">author</subfield></datafield><datafield tag="773" ind1="0" ind2=" "><subfield code="t">Applied vegetation science.</subfield><subfield code="g">2015 Apr., v. 18, no. 2 p.197-208</subfield><subfield code="d">Opulus Press</subfield><subfield code="x">1402-2001</subfield><subfield code="7">nnas</subfield></datafield><datafield tag="787" ind1="1" ind2=" "><subfield code="o">islandora_article_repository</subfield></datafield><datafield tag="787" ind1="1" ind2=" "><subfield code="o">product_pubag</subfield></datafield><datafield tag="787" ind1="1" ind2=" "><subfield code="o">(Journal)jnl58701</subfield></datafield><datafield tag="856" ind1="4" ind2="0"><subfield code="u">http://dx.doi.org/10.1111/avsc.12135</subfield><subfield code="3">Available from publisher's site</subfield></datafield><datafield tag="912" ind1=" " ind2=" "><subfield code="a">Article</subfield></datafield><datafield tag="914" ind1=" " ind2=" "><subfield code="a">Journal:jnl58701</subfield><subfield code="b">1402-2001</subfield><subfield code="c">18</subfield><subfield code="d">2</subfield><subfield code="e">197</subfield></datafield><datafield tag="914" ind1=" " ind2=" "><subfield code="f">Applied vegetation science</subfield></datafield><datafield tag="916" ind1=" " ind2=" "><subfield code="a">Batch:1151</subfield></datafield><datafield tag="917" ind1=" " ind2=" "><subfield code="a">issued</subfield></datafield><datafield tag="918" ind1="2" ind2=" "><subfield code="a">John Wiley &amp; Sons, Inc</subfield><subfield code="e">provider</subfield><subfield code="5">DNAL</subfield></datafield><datafield tag="935" ind1=" " ind2=" "><subfield code="a">IND601377184</subfield><subfield code="9">ExL</subfield></datafield><datafield tag="949" ind1=" " ind2=" "><subfield code="a">2015-12-17</subfield></datafield><datafield tag="953" ind1=" " ind2=" "><subfield code="a">14022001_2015_18_2.xml</subfield></datafield><datafield tag="962" ind1=" " ind2=" "><subfield code="a">Batch:1151 reviewed on 2015-12-17T04:00:02Z</subfield></datafield><datafield tag="974" ind1=" " ind2=" "><subfield code="a">agid:1377184</subfield></datafield><datafield tag="983" ind1=" " ind2=" "><subfield code="a">2015-05-23</subfield></datafield><datafield tag="984" ind1=" " ind2=" "><subfield code="a">2015-12-17</subfield></datafield></record>