<record><leader>04610nab a2200661 u 4500</leader><controlfield tag="001">9915906634607426</controlfield><controlfield tag="005">20221116183403.0</controlfield><controlfield tag="008">150523e201504 xx |||||o|||||||||||eng||</controlfield><datafield tag="" ind1="7" ind2=" "><subfield code="a">IND601377182</subfield><subfield code="2">DNAL</subfield></datafield><datafield tag="024" ind1="7" ind2=" "><subfield code="a">10.1111/avsc.12131</subfield><subfield code="2">doi</subfield></datafield><datafield tag="035" ind1=" " ind2=" "><subfield code="a">agid:1377182-01nal_inst</subfield></datafield><datafield tag="040" ind1=" " ind2=" "><subfield code="a">AGL</subfield><subfield code="b">eng</subfield><subfield code="c">AGL</subfield></datafield><datafield tag="100" ind1="1" ind2=" "><subfield code="a">O'Loughlin, Luke S.</subfield><subfield code="e">author</subfield><subfield code="u">Department of Botany, La Trobe University, Bundoora, Victoria, 3086, Australia</subfield></datafield><datafield tag="245" ind1="1" ind2="4"><subfield code="a">The rise and fall of Leptospermum laevigatum: plant community change associated with the invasion and senescence of a range‐expanding native species</subfield></datafield><datafield tag="300" ind1=" " ind2=" "><subfield code="a">p. 323-331.</subfield></datafield><datafield tag="500" ind1=" " ind2=" "><subfield code="a">2019-12-04</subfield></datafield><datafield tag="520" ind1=" " ind2=" "><subfield code="a">QUESTION: Shrub invasions often alter ground layer vegetation but the permanence of these changes is sometimes unclear. We asked: (i) do affected communities recover to their former state when invading species decline; (ii) do plant species density and composition change through the successional sequence of shrub invasion, dominance and decline; and, if yes, (iii) is change dependent on the scale of observation? LOCATION: Yanakie Isthmus, Wilsons Promontory National Park, southeastern Victoria, Australia. METHODS: We use a nested quadrat approach along a chronosequence of invasion states (uninvaded, invaded, senescent) to document composition and diversity of coastal grassy woodland in response to invasion by the range‐expanding native shrub Leptospermum laevigatum (Myrtaceae) across multiple spatial scales. Non‐metric multidimensional scaling and species–area curves were used to assess changes in vegetation and the ability of invaded communities to return to ‘uninvaded’ states after the senescence of Leptospermum. RESULTS: Shrub invasion did not lead to a decline in total species density. However, there was a significant shift in species composition, suggesting species replacement. Canopy gaps created by Leptospermum senescence had significantly higher species density at a large scale of observation (256 m²), but not at any of the smaller scales. Species composition within Leptospermum gaps was initially highly variable and significantly dissimilar to that prior to gap creation. With increasing time‐since‐gap creation, floristic composition became less varied and more similar to the uninvaded state, but the oldest gaps were still compositionally different to the uninvaded state. These results were coupled with decreases in light, soil nitrate and soil moisture following invasion, and an increase in those variables following the creation of tree‐fall gaps. CONCLUSIONS: Community composition was positively influenced by the creation of gaps within an otherwise shrub‐dominated ecosystem. Gaps represent the removal of potential inhibitory influences created by the dominant species and permit the return of the system to that more similar the uninvaded state. Gaps also increased heterogeneity in the landscape that promoted species diversity in an otherwise uniform landscape. These patterns were scale‐invariant.</subfield></datafield><datafield tag="592" ind1=" " ind2=" "><subfield code="a">Publisher supplied data</subfield></datafield><datafield tag="593" ind1=" " ind2=" "><subfield code="a">PubAg article</subfield></datafield><datafield tag="650" ind1=" " ind2="3"><subfield code="a">chronosequences</subfield></datafield><datafield tag="650" ind1=" " ind2="3"><subfield code="a">national parks</subfield></datafield><datafield tag="650" ind1=" " ind2="3"><subfield code="a">multidimensional scaling</subfield></datafield><datafield tag="650" ind1=" " ind2="3"><subfield code="a">shrubs</subfield></datafield><datafield tag="650" ind1=" " ind2="3"><subfield code="a">community structure</subfield></datafield><datafield tag="650" ind1=" " ind2="3"><subfield code="a">plant communities</subfield></datafield><datafield tag="650" ind1=" " ind2="3"><subfield code="a">landscapes</subfield></datafield><datafield tag="650" ind1=" " ind2="3"><subfield code="a">botanical composition</subfield></datafield><datafield tag="650" ind1=" " ind2="3"><subfield code="a">Leptospermum laevigatum</subfield></datafield><datafield tag="650" ind1=" " ind2="3"><subfield code="a">soil water</subfield></datafield><datafield tag="650" ind1=" " ind2="3"><subfield code="a">canopy gaps</subfield></datafield><datafield tag="650" ind1=" " ind2="3"><subfield code="a">indigenous species</subfield></datafield><datafield tag="650" ind1=" " ind2="3"><subfield code="a">woodlands</subfield></datafield><datafield tag="650" ind1=" " ind2="3"><subfield code="a">ecosystems</subfield></datafield><datafield tag="650" ind1=" " ind2="3"><subfield code="a">population dynamics</subfield></datafield><datafield tag="650" ind1=" " ind2="3"><subfield code="a">nitrates</subfield></datafield><datafield tag="651" ind1=" " ind2="3"><subfield code="a">Victoria (Australia)</subfield></datafield><datafield tag="653" ind1=" " ind2="0"><subfield code="a">senescence</subfield></datafield><datafield tag="700" ind1="1" ind2=" "><subfield code="a">Green, Peter T.</subfield><subfield code="e">author</subfield></datafield><datafield tag="700" ind1="1" ind2=" "><subfield code="a">Morgan, John W.</subfield><subfield code="e">author</subfield></datafield><datafield tag="700" ind1="1" ind2=" "><subfield code="a">Acosta, Alicia</subfield><subfield code="e">author</subfield></datafield><datafield tag="773" ind1="0" ind2=" "><subfield code="t">Applied vegetation science.</subfield><subfield code="g">2015 Apr., v. 18, no. 2 p.323-331</subfield><subfield code="d">Opulus Press</subfield><subfield code="x">1402-2001</subfield><subfield code="7">nnas</subfield></datafield><datafield tag="787" ind1="1" ind2=" "><subfield code="o">islandora_article_repository</subfield></datafield><datafield tag="787" ind1="1" ind2=" "><subfield code="o">product_pubag</subfield></datafield><datafield tag="787" ind1="1" ind2=" "><subfield code="o">(Journal)jnl58701</subfield></datafield><datafield tag="856" ind1="4" ind2="0"><subfield code="u">http://dx.doi.org/10.1111/avsc.12131</subfield><subfield code="3">Available from publisher's site</subfield></datafield><datafield tag="912" ind1=" " ind2=" "><subfield code="a">Article</subfield></datafield><datafield tag="914" ind1=" " ind2=" "><subfield code="a">Journal:jnl58701</subfield><subfield code="b">1402-2001</subfield><subfield code="c">18</subfield><subfield code="d">2</subfield><subfield code="e">323</subfield></datafield><datafield tag="914" ind1=" " ind2=" "><subfield code="f">Applied vegetation science</subfield></datafield><datafield tag="916" ind1=" " ind2=" "><subfield code="a">Batch:1151</subfield></datafield><datafield tag="917" ind1=" " ind2=" "><subfield code="a">issued</subfield></datafield><datafield tag="918" ind1="2" ind2=" "><subfield code="a">John Wiley &amp; Sons, Inc</subfield><subfield code="e">provider</subfield><subfield code="5">DNAL</subfield></datafield><datafield tag="935" ind1=" " ind2=" "><subfield code="a">IND601377182</subfield><subfield code="9">ExL</subfield></datafield><datafield tag="949" ind1=" " ind2=" "><subfield code="a">2015-12-17</subfield></datafield><datafield tag="953" ind1=" " ind2=" "><subfield code="a">14022001_2015_18_2.xml</subfield></datafield><datafield tag="962" ind1=" " ind2=" "><subfield code="a">Batch:1151 reviewed on 2015-12-17T04:00:02Z</subfield></datafield><datafield tag="974" ind1=" " ind2=" "><subfield code="a">agid:1377182</subfield></datafield><datafield tag="983" ind1=" " ind2=" "><subfield code="a">2015-05-23</subfield></datafield><datafield tag="984" ind1=" " ind2=" "><subfield code="a">2015-12-17</subfield></datafield></record>