<record><leader>03264nab a2200625 u 4500</leader><controlfield tag="001">9915906731807426</controlfield><controlfield tag="005">20221116183300.0</controlfield><controlfield tag="008">140410e20120901xx |||||o|||||||||||eng||</controlfield><datafield tag="" ind1="7" ind2=" "><subfield code="a">IND500749306</subfield><subfield code="2">DNAL</subfield></datafield><datafield tag="024" ind1="7" ind2=" "><subfield code="a">10.1080/07352689.2012.680349</subfield><subfield code="2">doi</subfield></datafield><datafield tag="035" ind1=" " ind2=" "><subfield code="a">agid:253346-01nal_inst</subfield></datafield><datafield tag="040" ind1=" " ind2=" "><subfield code="a">AGL</subfield><subfield code="b">eng</subfield><subfield code="c">AGL</subfield></datafield><datafield tag="100" ind1="1" ind2=" "><subfield code="a">Bartels, Samuel F.</subfield><subfield code="e">author</subfield><subfield code="u"> Faculty of Natural Resources Management, Lakehead University, Ontario, Canada</subfield></datafield><datafield tag="245" ind1="1" ind2="0"><subfield code="a">Mechanisms Regulating Epiphytic Plant Diversity</subfield></datafield><datafield tag="300" ind1=" " ind2=" "><subfield code="a">p. 391-400.</subfield></datafield><datafield tag="520" ind1=" " ind2=" "><subfield code="a">Epiphytic plants are important components of the forest ecosystem, but little is known about their ecology due to logistical constraints and the lack of a conceptual framework to guide epiphyte community studies. Given the present state of knowledge and renewed interests in epiphyte community studies, a mechanistic framework is needed to guide investigations of epiphyte assemblages. This article identifies six putative mechanisms of epiphyte species diversity, and highlights possible direct and indirect linkages among the mechanisms. The mechanisms include constrained dispersal, slow growth rate, substrate availability, host tree mortality, disturbance, and global climate change. They are identified as inherent, local- and stand-level, and landscape-level mechanisms. Evidence supporting the proposed mechanisms and their linkages is typically inductive due to inadequate observational and manipulative studies. Sufficient testing and experimental manipulations over broad spatial and temporal scales are necessary for future predictions of epiphytic plant diversity patterns.</subfield></datafield><datafield tag="592" ind1=" " ind2=" "><subfield code="a">Publisher supplied data</subfield></datafield><datafield tag="593" ind1=" " ind2=" "><subfield code="a">PubAg article</subfield></datafield><datafield tag="650" ind1=" " ind2="3"><subfield code="a">climate change</subfield></datafield><datafield tag="650" ind1=" " ind2="3"><subfield code="a">ecosystems</subfield></datafield><datafield tag="650" ind1=" " ind2="3"><subfield code="a">epiphytes</subfield></datafield><datafield tag="650" ind1=" " ind2="3"><subfield code="a">forests</subfield></datafield><datafield tag="650" ind1=" " ind2="3"><subfield code="a">prediction</subfield></datafield><datafield tag="650" ind1=" " ind2="3"><subfield code="a">species diversity</subfield></datafield><datafield tag="650" ind1=" " ind2="3"><subfield code="a">tree mortality</subfield></datafield><datafield tag="653" ind1=" " ind2="0"><subfield code="a">conceptual framework</subfield></datafield><datafield tag="653" ind1=" " ind2="0"><subfield code="a">dispersal limitation</subfield></datafield><datafield tag="653" ind1=" " ind2="0"><subfield code="a">epiphyte assemblages</subfield></datafield><datafield tag="653" ind1=" " ind2="0"><subfield code="a">host preference</subfield></datafield><datafield tag="653" ind1=" " ind2="0"><subfield code="a">host traits</subfield></datafield><datafield tag="653" ind1=" " ind2="0"><subfield code="a">microhabitats</subfield></datafield><datafield tag="653" ind1=" " ind2="0"><subfield code="a">plant population and community dynamics</subfield></datafield><datafield tag="653" ind1=" " ind2="0"><subfield code="a">substrate heterogeneity</subfield></datafield><datafield tag="700" ind1="1" ind2=" "><subfield code="a">Chen, Han Y. H.</subfield><subfield code="e">author</subfield><subfield code="u"> Faculty of Natural Resources Management, Lakehead University, Ontario, Canada</subfield></datafield><datafield tag="773" ind1="0" ind2=" "><subfield code="t">Critical reviews in plant sciences.</subfield><subfield code="g">2012 Sept. 1, v. 31, no. 5 p.391-400</subfield><subfield code="d">Taylor &amp; Francis Group</subfield><subfield code="x">1549-7836</subfield><subfield code="7">nnas</subfield></datafield><datafield tag="787" ind1="1" ind2=" "><subfield code="o">islandora_article_repository</subfield></datafield><datafield tag="787" ind1="1" ind2=" "><subfield code="o">product_pubag</subfield></datafield><datafield tag="787" ind1="1" ind2=" "><subfield code="o">(Journal)jnl34283</subfield></datafield><datafield tag="856" ind1="4" ind2="0"><subfield code="u">http://dx.doi.org/10.1080/07352689.2012.680349</subfield></datafield><datafield tag="912" ind1=" " ind2=" "><subfield code="a">Article</subfield></datafield><datafield tag="914" ind1=" " ind2=" "><subfield code="a">Journal:jnl34283</subfield><subfield code="b">1549-7836</subfield><subfield code="c">31</subfield><subfield code="d">5</subfield><subfield code="e">391</subfield></datafield><datafield tag="914" ind1=" " ind2=" "><subfield code="f">Critical reviews in plant sciences</subfield></datafield><datafield tag="916" ind1=" " ind2=" "><subfield code="a">Batch:746</subfield></datafield><datafield tag="917" ind1=" " ind2=" "><subfield code="a">issued</subfield></datafield><datafield tag="918" ind1="2" ind2=" "><subfield code="a">Taylor &amp; Francis Group</subfield><subfield code="e">provider</subfield><subfield code="5">DNAL</subfield></datafield><datafield tag="935" ind1=" " ind2=" "><subfield code="a">IND500749306</subfield><subfield code="9">ExL</subfield></datafield><datafield tag="949" ind1=" " ind2=" "><subfield code="a">2015-01-22</subfield></datafield><datafield tag="951" ind1=" " ind2=" "><subfield code="a">2014-04-10</subfield></datafield><datafield tag="953" ind1=" " ind2=" "><subfield code="a">bpts20_bpts20.v031.i05_20120928064051#2059804.zip</subfield></datafield><datafield tag="962" ind1=" " ind2=" "><subfield code="a">Batch:746 annotated on 2014-12-09T15:12:14Z</subfield></datafield><datafield tag="962" ind1=" " ind2=" "><subfield code="a">Batch:746 reviewed on 2015-01-20T16:00:02Z</subfield></datafield><datafield tag="962" ind1=" " ind2=" "><subfield code="a">Batch:746 reviewed on 2015-01-22T11:00:02Z</subfield></datafield><datafield tag="974" ind1=" " ind2=" "><subfield code="a">agid:253346</subfield></datafield><datafield tag="983" ind1=" " ind2=" "><subfield code="a">2014-04-10</subfield></datafield><datafield tag="984" ind1=" " ind2=" "><subfield code="a">2014-04-10</subfield></datafield></record>