<record><leader>03513nab a2200553 u 4500</leader><controlfield tag="001">9915906920807426</controlfield><controlfield tag="005">20221116190818.0</controlfield><controlfield tag="008">150808e201107 xx |||||o|||||||||||eng||</controlfield><datafield tag="" ind1="7" ind2=" "><subfield code="a">IND44771863</subfield><subfield code="2">DNAL</subfield></datafield><datafield tag="024" ind1="7" ind2=" "><subfield code="a">10.1/j.actao.2011.03.005</subfield><subfield code="2">doi</subfield></datafield><datafield tag="035" ind1=" " ind2=" "><subfield code="a">agid:497744-01nal_inst</subfield></datafield><datafield tag="040" ind1=" " ind2=" "><subfield code="a">AGL</subfield><subfield code="b">eng</subfield><subfield code="c">AGL</subfield></datafield><datafield tag="100" ind1="1" ind2=" "><subfield code="a">Acharya, Bhoj Kumar</subfield><subfield code="e">author</subfield><subfield code="u">Division of Conservation Ecology, Sàlim Ali Centre for Ornithology and Natural History, Anaikatty, Coimbatore 641108, India(1)</subfield></datafield><datafield tag="245" ind1="1" ind2="0"><subfield code="a">Distribution pattern of trees along an elevation gradient of Eastern Himalaya, India</subfield></datafield><datafield tag="300" ind1=" " ind2=" "><subfield code="a">p. 329-336.</subfield></datafield><datafield tag="500" ind1=" " ind2=" "><subfield code="a">2019-12-06</subfield></datafield><datafield tag="520" ind1=" " ind2=" "><subfield code="a">We examined the patterns of tree species richness, density and basal area in the Eastern Himalayan elevation gradient, and evaluated the roles of geometric constraints and environmental factors for the observed pattern. We followed the quadrat sampling method for this study at 23 different locations along a 300–4700 m elevation gradient in Sikkim. We used regression analysis to establish elevational pattern of trees (species richness, density and basal area) and to relate environmental factors with tree species and density. We also tested geometric constraints on species distribution by comparing empirical species richness with null model predictions generated by a Monte Carlo Simulation Programme (McCain, 2004). We observed a total of 3874 individual trees belonging to 171 species and 58 families. Tree species richness depicted unimodal pattern with a peak at 1500 m, whereas basal area peaked at 1900 m. Although density did not follow a uniform pattern, maximum value was observed at 3050 m. Climatic and energy related factors–rainfall, temperature, moisture index (MI) and actual evapotranspiration (AET)-correlated positively with tree species richness. The Mid-domain effect null model showed significant deviation of empirical richness from simulated species richness. Stepwise regression revealed that combined effects of energy (surrogated by temperature), productivity (surrogated by AET) and precipitation (reflected by MI) influenced observed tree species patterns in the Eastern Himalayan elevation gradient although historical and spatial factors might interplay.</subfield></datafield><datafield tag="592" ind1=" " ind2=" "><subfield code="a">Publisher supplied data</subfield></datafield><datafield tag="593" ind1=" " ind2=" "><subfield code="a">PubAg article</subfield></datafield><datafield tag="650" ind1=" " ind2="3"><subfield code="a">energy</subfield></datafield><datafield tag="650" ind1=" " ind2="3"><subfield code="a">regression analysis</subfield></datafield><datafield tag="650" ind1=" " ind2="3"><subfield code="a">environmental factors</subfield></datafield><datafield tag="650" ind1=" " ind2="3"><subfield code="a">trees</subfield></datafield><datafield tag="650" ind1=" " ind2="3"><subfield code="a">species diversity</subfield></datafield><datafield tag="650" ind1=" " ind2="3"><subfield code="a">temperature</subfield></datafield><datafield tag="650" ind1=" " ind2="3"><subfield code="a">stand basal area</subfield></datafield><datafield tag="650" ind1=" " ind2="3"><subfield code="a">biogeography</subfield></datafield><datafield tag="651" ind1=" " ind2="3"><subfield code="a">India</subfield></datafield><datafield tag="653" ind1=" " ind2="0"><subfield code="a">basal area</subfield></datafield><datafield tag="700" ind1="1" ind2=" "><subfield code="a">Chettri, Basundhara</subfield><subfield code="e">author</subfield></datafield><datafield tag="700" ind1="1" ind2=" "><subfield code="a">Vijayan, Lalitha</subfield><subfield code="e">author</subfield></datafield><datafield tag="773" ind1="0" ind2=" "><subfield code="t">Acta oecologica.</subfield><subfield code="g">2011 , v. 37, no. 4 p.329-336</subfield><subfield code="d">Elsevier Masson SAS</subfield><subfield code="w">Journal:2127</subfield><subfield code="x">1146-609X</subfield><subfield code="7">nnas</subfield></datafield><datafield tag="787" ind1="1" ind2=" "><subfield code="o">islandora_article_repository</subfield></datafield><datafield tag="787" ind1="1" ind2=" "><subfield code="o">product_pubag</subfield></datafield><datafield tag="787" ind1="1" ind2=" "><subfield code="o">(Journal)2127</subfield></datafield><datafield tag="856" ind1="4" ind2="0"><subfield code="u">http://dx.doi.org/10.1/j.actao.2011.03.005</subfield><subfield code="3">Available from publisher's site</subfield></datafield><datafield tag="912" ind1=" " ind2=" "><subfield code="a">Article</subfield></datafield><datafield tag="914" ind1=" " ind2=" "><subfield code="a">Journal:2127</subfield><subfield code="b">1146-609X</subfield><subfield code="c">37</subfield><subfield code="d">4</subfield><subfield code="e">329</subfield></datafield><datafield tag="914" ind1=" " ind2=" "><subfield code="f">Acta oecologica</subfield></datafield><datafield tag="917" ind1=" " ind2=" "><subfield code="a">issued</subfield></datafield><datafield tag="918" ind1="2" ind2=" "><subfield code="a">Elsevier B.V.</subfield><subfield code="e">provider</subfield><subfield code="5">DNAL</subfield></datafield><datafield tag="935" ind1=" " ind2=" "><subfield code="a">IND44771863</subfield><subfield code="9">ExL</subfield></datafield><datafield tag="949" ind1=" " ind2=" "><subfield code="a">2014-02-19</subfield></datafield><datafield tag="953" ind1=" " ind2=" "><subfield code="a">NAL264501146609X00370004.xml</subfield></datafield><datafield tag="962" ind1=" " ind2=" "><subfield code="a">Batch:427 annotated on 2014-01-27T13:50:05Z</subfield></datafield><datafield tag="962" ind1=" " ind2=" "><subfield code="a">Batch:427 reviewed on 2014-02-19T04:00:03Z</subfield></datafield><datafield tag="974" ind1=" " ind2=" "><subfield code="a">agid:497744</subfield></datafield><datafield tag="983" ind1=" " ind2=" "><subfield code="a">2015-08-08</subfield></datafield><datafield tag="984" ind1=" " ind2=" "><subfield code="a">2019-05-04</subfield></datafield></record>