<record><leader>04855nab a2200661 u 4500</leader><controlfield tag="001">9915907613007426</controlfield><controlfield tag="005">20221116195319.0</controlfield><controlfield tag="008">160807e208 xx |||||o|||||||||||eng||</controlfield><datafield tag="" ind1="7" ind2=" "><subfield code="a">IND605373770</subfield><subfield code="2">DNAL</subfield></datafield><datafield tag="024" ind1="7" ind2=" "><subfield code="a">10.1007/s11258--0626-5</subfield><subfield code="2">doi</subfield></datafield><datafield tag="035" ind1=" " ind2=" "><subfield code="a">agid:5373770-01nal_inst</subfield></datafield><datafield tag="040" ind1=" " ind2=" "><subfield code="a">AGL</subfield><subfield code="b">eng</subfield><subfield code="c">AGL</subfield></datafield><datafield tag="100" ind1="1" ind2=" "><subfield code="a">Yuan, Zuoqiang</subfield><subfield code="e">author</subfield></datafield><datafield tag="245" ind1="1" ind2="0"><subfield code="a">Scale-dependent effect of biotic interactions and environmental conditions in community assembly: insight from a large temperate forest plot</subfield></datafield><datafield tag="300" ind1=" " ind2=" "><subfield code="a">p. 1003-1014.</subfield></datafield><datafield tag="520" ind1=" " ind2=" "><subfield code="a">In forested ecosystems, it remains unclear whether environmental conditions, resource competition or their joint effects explain non-randomly distributed species pattern. Recently, trait-based approaches have been recognized as an important tool to infer processes governing community assembly patterns. In this study, we quantify patterns of functional composition and diversity to study how tree species coexistence is influenced by abiotic factors and biotic interactions in a species-rich temperate old-growth forest. In a 25 ha (500 × 500 m) fully mapped forest plot, we calculated functional composition (community weighted mean) and diversity of five key traits considering two spatial scales (20 × 20 and 50 × 50 m quadrats). We compared the observed patterns in functional diversity with randomly generated null communities to test for the presence of non-random patterns in community assembly, and studied the variation of functional composition and diversity along gradients of soil conditions to test for the shift in assembly processes along resource gradients. Functional diversity differed from null expectations depending on the spatial scale considered. In broad-scale quadrats (50 × 50 m), functional diversity in wood specific gravity (WSG) and leaf area (LA) was lower than expected by chance, whereas functional diversity in specific root length (SRL) was greater than expected. In small quadrats (20 × 20 m), functional diversity was lower than expected by chance in specific leaf area (SLA) and when considering all traits in combination. Functional composition and diversity varied along the soil resource gradient but the results were dependent on the scale considered. We found an increase in functional composition in maximum height (H) and WSG and a reduction in the functional diversity in most of traits suggesting an increase in competition with the increase in soil water content at small scale. The trait dispersion pattern for all traits in combination had no directional changes with some of individual traits generating more clear dispersion trend when the dominant competitor Pinus koraiensis was removed from the community dataset. The results presented here suggest that community assembly is governed by non-random processes in the studied forests. Interestingly, the choice of quadrat size seems to be crucial to describe community patterns and infer the forces governing community assembly. The consideration of different traits and environmental gradients allowed us to discover that different assembly mechanisms operate simultaneously in the studied forest.</subfield></datafield><datafield tag="592" ind1=" " ind2=" "><subfield code="a">Publisher supplied data</subfield></datafield><datafield tag="593" ind1=" " ind2=" "><subfield code="a">PubAg article</subfield></datafield><datafield tag="650" ind1=" " ind2="3"><subfield code="a">Pinus koraiensis</subfield></datafield><datafield tag="650" ind1=" " ind2="3"><subfield code="a">biotic factors</subfield></datafield><datafield tag="650" ind1=" " ind2="3"><subfield code="a">data collection</subfield></datafield><datafield tag="650" ind1=" " ind2="3"><subfield code="a">environmental factors</subfield></datafield><datafield tag="650" ind1=" " ind2="3"><subfield code="a">functional diversity</subfield></datafield><datafield tag="650" ind1=" " ind2="3"><subfield code="a">leaf area</subfield></datafield><datafield tag="650" ind1=" " ind2="3"><subfield code="a">old-growth forests</subfield></datafield><datafield tag="650" ind1=" " ind2="3"><subfield code="a">soil water</subfield></datafield><datafield tag="650" ind1=" " ind2="3"><subfield code="a">soil water content</subfield></datafield><datafield tag="650" ind1=" " ind2="3"><subfield code="a">specific gravity</subfield></datafield><datafield tag="650" ind1=" " ind2="3"><subfield code="a">temperate forests</subfield></datafield><datafield tag="650" ind1=" " ind2="3"><subfield code="a">trees</subfield></datafield><datafield tag="650" ind1=" " ind2="3"><subfield code="a">wood</subfield></datafield><datafield tag="700" ind1="1" ind2=" "><subfield code="a">Gazol, Antonio</subfield><subfield code="e">author</subfield></datafield><datafield tag="700" ind1="1" ind2=" "><subfield code="a">Lin, Fei</subfield><subfield code="e">author</subfield></datafield><datafield tag="700" ind1="1" ind2=" "><subfield code="a">Wang, Xugao</subfield><subfield code="e">author</subfield></datafield><datafield tag="700" ind1="1" ind2=" "><subfield code="a">Ye, Ji</subfield><subfield code="e">author</subfield></datafield><datafield tag="700" ind1="1" ind2=" "><subfield code="a">Suo, Yanyan</subfield><subfield code="e">author</subfield></datafield><datafield tag="700" ind1="1" ind2=" "><subfield code="a">Fang, Shuai</subfield><subfield code="e">author</subfield></datafield><datafield tag="700" ind1="1" ind2=" "><subfield code="a">Mellard, Jarad</subfield><subfield code="e">author</subfield></datafield><datafield tag="700" ind1="1" ind2=" "><subfield code="a">Hao, Zhanqing</subfield><subfield code="e">author</subfield></datafield><datafield tag="773" ind1="0" ind2=" "><subfield code="t">Plant ecology.</subfield><subfield code="g">2 Aug., v. 217, no. 8 p.1003-1014</subfield><subfield code="d">Springer Netherlands</subfield><subfield code="x">1385-0237</subfield><subfield code="7">nnas</subfield></datafield><datafield tag="787" ind1="1" ind2=" "><subfield code="o">islandora_article_repository</subfield></datafield><datafield tag="787" ind1="1" ind2=" "><subfield code="o">product_pubag</subfield></datafield><datafield tag="787" ind1="1" ind2=" "><subfield code="o">(Journal)jnl55230</subfield></datafield><datafield tag="856" ind1="4" ind2="0"><subfield code="u">http://dx.doi.org/10.1007/s11258--0626-5</subfield><subfield code="3">Available from publisher's site</subfield></datafield><datafield tag="912" ind1=" " ind2=" "><subfield code="a">Article</subfield></datafield><datafield tag="914" ind1=" " ind2=" "><subfield code="a">Journal:jnl55230</subfield><subfield code="b">1385-0237</subfield><subfield code="c">217</subfield><subfield code="d">8</subfield><subfield code="e">1003</subfield></datafield><datafield tag="914" ind1=" " ind2=" "><subfield code="f">Plant ecology</subfield></datafield><datafield tag="916" ind1=" " ind2=" "><subfield code="a">Batch:1515</subfield></datafield><datafield tag="917" ind1=" " ind2=" "><subfield code="a">issued</subfield></datafield><datafield tag="918" ind1="2" ind2=" "><subfield code="a">Springer</subfield><subfield code="e">provider</subfield><subfield code="5">DNAL</subfield></datafield><datafield tag="935" ind1=" " ind2=" "><subfield code="a">IND605373770</subfield><subfield code="9">ExL</subfield></datafield><datafield tag="949" ind1=" " ind2=" "><subfield code="a">2017-01-20</subfield></datafield><datafield tag="953" ind1=" " ind2=" "><subfield code="a">ftp_PUB_16-07-19_05-45-18.zip</subfield></datafield><datafield tag="962" ind1=" " ind2=" "><subfield code="a">Journal title changed from 'Plant Ecol'</subfield></datafield><datafield tag="962" ind1=" " ind2=" "><subfield code="a">Batch:1515 reviewed on 2017-01-20T04:00:02Z</subfield></datafield><datafield tag="974" ind1=" " ind2=" "><subfield code="a">agid:5373770</subfield></datafield><datafield tag="983" ind1=" " ind2=" "><subfield code="a">2-08-07</subfield></datafield><datafield tag="984" ind1=" " ind2=" "><subfield code="a">2017-01-20</subfield></datafield></record>