<record><leader>04482nab a2200805 u 4500</leader><controlfield tag="001">9915907977407426</controlfield><controlfield tag="005">20070903050036.0</controlfield><controlfield tag="008">070114e20070109xx |||||o|||||||||||eng||</controlfield><datafield tag="" ind1="7" ind2=" "><subfield code="a">IND43868256</subfield><subfield code="2">DNAL</subfield></datafield><datafield tag="024" ind1="7" ind2=" "><subfield code="a">10.1073/pnas.0606078104</subfield><subfield code="2">doi</subfield></datafield><datafield tag="024" ind1="7" ind2=" "><subfield code="a">PMC1766421</subfield><subfield code="2">pmcid</subfield></datafield><datafield tag="024" ind1="7" ind2=" "><subfield code="a">17197425</subfield><subfield code="2">pmid</subfield></datafield><datafield tag="024" ind1="7" ind2=" "><subfield code="a">10113/2663</subfield><subfield code="2">hdl</subfield></datafield><datafield tag="035" ind1=" " ind2=" "><subfield code="a">agid:2663-01nal_inst</subfield></datafield><datafield tag="040" ind1=" " ind2=" "><subfield code="a">AGL</subfield><subfield code="b">eng</subfield><subfield code="c">AGL</subfield></datafield><datafield tag="072" ind1=" " ind2="0"><subfield code="a">K810</subfield></datafield><datafield tag="072" ind1=" " ind2="0"><subfield code="a">B200</subfield></datafield><datafield tag="100" ind1="1" ind2=" "><subfield code="a">Kitzberger, Thomas</subfield></datafield><datafield tag="245" ind1="1" ind2="0"><subfield code="a">Contingent Pacific-Atlantic Ocean influence on multicentury wildfire synchrony over western North America</subfield></datafield><datafield tag="300" ind1=" " ind2=" "><subfield code="a">p. 543-548.</subfield></datafield><datafield tag="500" ind1=" " ind2=" "><subfield code="a">Includes references</subfield></datafield><datafield tag="500" ind1=" " ind2=" "><subfield code="a">2019-12-05</subfield></datafield><datafield tag="506" ind1=" " ind2=" "><subfield code="a">Resource is Open Access</subfield><subfield code="u">http://purl.org/eprint/accessRights/OpenAccess</subfield><subfield code="f">Unrestricted online access</subfield><subfield code="2">star</subfield></datafield><datafield tag="520" ind1=" " ind2=" "><subfield code="a">Widespread synchronous wildfires driven by climatic variation, such as those that swept western North America during 1996, 2000, and 2002, can result in major environmental and societal impacts. Understanding relationships between continental-scale patterns of drought and modes of sea surface temperatures (SSTs) such as El Niño-Southern Oscillation (ENSO), Pacific Decadal Oscillation (PDO), and Atlantic Multidecadal Oscillation (AMO) may explain how interannual to multidecadal variability in SSTs drives fire at continental scales. We used local wildfire chronologies reconstructed from fire scars on tree rings across western North America and independent reconstructions of SST developed from tree-ring widths at other sites to examine the relationships of multicentury patterns of climate and fire synchrony. From 33,039 annually resolved fire-scar dates at 238 sites (the largest paleofire record yet assembled), we examined forest fires at regional and subcontinental scales. Since 1550 CE, drought and forest fires covaried across the West, but in a manner contingent on SST modes. During certain phases of ENSO and PDO, fire was synchronous within broad subregions and sometimes asynchronous among those regions. In contrast, fires were most commonly synchronous across the West during warm phases of the AMO. ENSO and PDO were the main drivers of high-frequency variation in fire (interannual to decadal), whereas the AMO conditionally changed the strength and spatial influence of ENSO and PDO on wildfire occurrence at multidecadal scales. A current warming trend in AMO suggests that we may expect an increase in widespread, synchronous fires across the western U.S. in coming decades.</subfield></datafield><datafield tag="593" ind1=" " ind2=" "><subfield code="a">PubAg article</subfield></datafield><datafield tag="593" ind1=" " ind2=" "><subfield code="c">USDA submission</subfield></datafield><datafield tag="650" ind1=" " ind2="3"><subfield code="a">El Nino</subfield></datafield><datafield tag="650" ind1=" " ind2="3"><subfield code="a">growth rings</subfield></datafield><datafield tag="650" ind1=" " ind2="3"><subfield code="a">forest trees</subfield></datafield><datafield tag="650" ind1=" " ind2="3"><subfield code="a">oceans</subfield></datafield><datafield tag="650" ind1=" " ind2="3"><subfield code="a">water temperature</subfield></datafield><datafield tag="650" ind1=" " ind2="3"><subfield code="a">forest fires</subfield></datafield><datafield tag="650" ind1=" " ind2="3"><subfield code="a">climatic factors</subfield></datafield><datafield tag="650" ind1=" " ind2="3"><subfield code="a">paleoclimatology</subfield></datafield><datafield tag="651" ind1=" " ind2="3"><subfield code="a">Western United States</subfield></datafield><datafield tag="651" ind1=" " ind2="3"><subfield code="a">Atlantic Ocean</subfield></datafield><datafield tag="651" ind1=" " ind2="3"><subfield code="a">Pacific Ocean</subfield></datafield><datafield tag="653" ind1=" " ind2="0"><subfield code="a">multidecadal oscillation</subfield></datafield><datafield tag="653" ind1=" " ind2="0"><subfield code="a">Atlantic Multidecadal Oscillation</subfield></datafield><datafield tag="653" ind1=" " ind2="0"><subfield code="a">wildfires</subfield></datafield><datafield tag="653" ind1=" " ind2="0"><subfield code="a">sea surface temperature</subfield></datafield><datafield tag="653" ind1=" " ind2="0"><subfield code="a">fire scar data</subfield></datafield><datafield tag="653" ind1=" " ind2="0"><subfield code="a">Pacific Decadal Oscillation</subfield></datafield><datafield tag="653" ind1=" " ind2="0"><subfield code="a">meteorology and climatology</subfield></datafield><datafield tag="700" ind1="1" ind2=" "><subfield code="a">Brown, Peter M.</subfield></datafield><datafield tag="700" ind1="1" ind2=" "><subfield code="a">Heyerdahl, Emily K.</subfield></datafield><datafield tag="700" ind1="1" ind2=" "><subfield code="a">Swetnam, Thomas W.</subfield></datafield><datafield tag="700" ind1="1" ind2=" "><subfield code="a">Veblen, Thomas T.</subfield></datafield><datafield tag="773" ind1="0" ind2=" "><subfield code="t">Proceedings of the National Academy of Sciences of the United States of America.</subfield><subfield code="g">2007 Jan. 9, v. 104, no. 2 p.543-548</subfield><subfield code="d">National Academy of Sciences</subfield><subfield code="x">0027-8424</subfield><subfield code="7">nnas</subfield></datafield><datafield tag="787" ind1="1" ind2=" "><subfield code="o">product_pubag</subfield></datafield><datafield tag="787" ind1="1" ind2=" "><subfield code="o">islandora_article_repository</subfield></datafield><datafield tag="787" ind1="1" ind2=" "><subfield code="o">islandora_pubag_with_text</subfield></datafield><datafield tag="787" ind1="1" ind2=" "><subfield code="o">(Journal)jnl45680</subfield></datafield><datafield tag="852" ind1=" " ind2=" "><subfield code="a">DNAL</subfield></datafield><datafield tag="856" ind1="4" ind2="0"><subfield code="u">http://dx.doi.org/10.1073/pnas.0606078104</subfield><subfield code="3">Available from publisher's Web site</subfield></datafield><datafield tag="856" ind1="4" ind2="0"><subfield code="u">https://handle.nal.usda.gov/10113/2663</subfield><subfield code="3">Available in the National Agricultural Library PubAg search system</subfield></datafield><datafield tag="912" ind1=" " ind2=" "><subfield code="a">Article</subfield></datafield><datafield tag="914" ind1=" " ind2=" "><subfield code="a">Journal:jnl45680</subfield><subfield code="b">0027-8424</subfield><subfield code="c">104</subfield><subfield code="d">2</subfield><subfield code="e">543</subfield></datafield><datafield tag="914" ind1=" " ind2=" "><subfield code="f">Proceedings of the National Academy of Sciences of the United States of America</subfield></datafield><datafield tag="917" ind1=" " ind2=" "><subfield code="a">issued</subfield></datafield><datafield tag="930" ind1=" " ind2=" "><subfield code="a">20070831</subfield><subfield code="b">20070902</subfield><subfield code="c">00000000</subfield></datafield><datafield tag="935" ind1=" " ind2=" "><subfield code="a">IND43868256</subfield><subfield code="9">ExL</subfield></datafield><datafield tag="945" ind1=" " ind2=" "><subfield code="a">IND</subfield><subfield code="d">RHF</subfield><subfield code="e">2007/08/29</subfield></datafield><datafield tag="946" ind1=" " ind2=" "><subfield code="a">Other US</subfield></datafield><datafield tag="949" ind1=" " ind2=" "><subfield code="a">2014-07-17</subfield></datafield><datafield tag="952" ind1=" " ind2=" "><subfield code="a">20070831 20070902 00000000</subfield><subfield code="b">IND RHF 2007/08/29</subfield></datafield><datafield tag="961" ind1=" " ind2=" "><subfield code="a">USDA/FS</subfield></datafield><datafield tag="974" ind1=" " ind2=" "><subfield code="a">agid:2663</subfield></datafield><datafield tag="984" ind1=" " ind2=" "><subfield code="a">2007-09-03</subfield></datafield><datafield tag="985" ind1=" " ind2=" "><subfield code="a">Converted from MARCXML to MODS version 3.4 using MARC21slim2MODS3-4.xsl (Revision 1.95 2014/04/23)</subfield></datafield><datafield tag="986" ind1=" " ind2=" "><subfield code="a">3868256</subfield></datafield></record>