<record><leader>04123nab a2200709 u 4500</leader><controlfield tag="001">9915909090407426</controlfield><controlfield tag="005">20221116142125.0</controlfield><controlfield tag="008">170811e201512 xx |||||o|||||||||||eng||</controlfield><datafield tag="" ind1="7" ind2=" "><subfield code="a">IND605779350</subfield><subfield code="2">DNAL</subfield></datafield><datafield tag="024" ind1="7" ind2=" "><subfield code="a">10.1186/s12870-014-0365-5</subfield><subfield code="2">doi</subfield></datafield><datafield tag="024" ind1="7" ind2=" "><subfield code="a">PMC4329200</subfield><subfield code="2">pmcid</subfield></datafield><datafield tag="024" ind1="7" ind2=" "><subfield code="a">25608602</subfield><subfield code="2">pmid</subfield></datafield><datafield tag="035" ind1=" " ind2=" "><subfield code="a">agid:5779350-01nal_inst</subfield></datafield><datafield tag="040" ind1=" " ind2=" "><subfield code="a">AGL</subfield><subfield code="b">eng</subfield><subfield code="c">AGL</subfield></datafield><datafield tag="100" ind1="1" ind2=" "><subfield code="a">Castro-Rodríguez, Vanessa</subfield><subfield code="e">author</subfield></datafield><datafield tag="245" ind1="1" ind2="0"><subfield code="a">Redundancy and metabolic function of the glutamine synthetase gene family in poplar</subfield></datafield><datafield tag="300" ind1=" " ind2=" "><subfield code="a">p. 20.</subfield></datafield><datafield tag="506" ind1=" " ind2=" "><subfield code="a">Resource is Open Access</subfield><subfield code="u">http://purl.org/eprint/accessRights/OpenAccess</subfield><subfield code="f">Unrestricted online access</subfield><subfield code="2">star</subfield></datafield><datafield tag="520" ind1=" " ind2=" "><subfield code="a">BACKGROUND: Glutamine synthetase (GS; EC: 6.3.1.2, L-glutamate: ammonia ligase ADP-forming) is a key enzyme in ammonium assimilation and metabolism in higher plants. In poplar, the GS family is organized in 4 groups of duplicated genes, 3 of which code for cytosolic GS isoforms (GS1.1, GS1.2 and GS1.3) and one group that codes for the choroplastic GS isoform (GS2). Our previous work suggested that GS duplicates may have been retained to increase the amount of enzyme in a particular cell type. RESULTS: The current study was conducted to test this hypothesis by developing a more comprehensive understanding of the molecular and biochemical characteristics of the poplar GS isoenzymes and by determinating their kinetic parameters. To obtain further insights into the function of the poplar GS genes, in situ hybridization and laser capture microdissections were conducted in different tissues, and the precise GS gene spatial expression patterns were determined in specific cell/tissue types of the leaves, stems and roots. The molecular and functional analysis of the poplar GS family and the precise localization of the corresponding mRNA in different cell types strongly suggest that the GS isoforms play non-redundant roles in poplar tree biology. Furthermore, our results support the proposal that a function of the duplicated genes in specific cell/tissue types is to increase the abundance of the enzymes. CONCLUSION: Taken together, our results reveal that there is no redundancy in the poplar GS family at the whole plant level but it exists in specific cell types where the two duplicated genes are expressed and their gene expression products have similar metabolic roles. Gene redundancy may contribute to the homeostasis of nitrogen metabolism in functions associated with changes in environmental conditions and developmental stages.</subfield></datafield><datafield tag="592" ind1=" " ind2=" "><subfield code="a">Publisher supplied data</subfield></datafield><datafield tag="593" ind1=" " ind2=" "><subfield code="a">PubAg article</subfield></datafield><datafield tag="650" ind1=" " ind2="3"><subfield code="a">Populus</subfield></datafield><datafield tag="650" ind1=" " ind2="3"><subfield code="a">ammonium</subfield></datafield><datafield tag="650" ind1=" " ind2="3"><subfield code="a">biochemical pathways</subfield></datafield><datafield tag="650" ind1=" " ind2="3"><subfield code="a">developmental stages</subfield></datafield><datafield tag="650" ind1=" " ind2="3"><subfield code="a">environmental factors</subfield></datafield><datafield tag="650" ind1=" " ind2="3"><subfield code="a">gene expression</subfield></datafield><datafield tag="650" ind1=" " ind2="3"><subfield code="a">genes</subfield></datafield><datafield tag="650" ind1=" " ind2="3"><subfield code="a">glutamate-ammonia ligase</subfield></datafield><datafield tag="650" ind1=" " ind2="3"><subfield code="a">homeostasis</subfield></datafield><datafield tag="650" ind1=" " ind2="3"><subfield code="a">in situ hybridization</subfield></datafield><datafield tag="650" ind1=" " ind2="3"><subfield code="a">isozymes</subfield></datafield><datafield tag="650" ind1=" " ind2="3"><subfield code="a">leaves</subfield></datafield><datafield tag="650" ind1=" " ind2="3"><subfield code="a">messenger RNA</subfield></datafield><datafield tag="650" ind1=" " ind2="3"><subfield code="a">nitrogen metabolism</subfield></datafield><datafield tag="650" ind1=" " ind2="3"><subfield code="a">roots</subfield></datafield><datafield tag="650" ind1=" " ind2="3"><subfield code="a">stems</subfield></datafield><datafield tag="650" ind1=" " ind2="3"><subfield code="a">trees</subfield></datafield><datafield tag="700" ind1="1" ind2=" "><subfield code="a">García-Gutiérrez, Angel</subfield><subfield code="e">author</subfield></datafield><datafield tag="700" ind1="1" ind2=" "><subfield code="a">Cañas, Rafael A</subfield><subfield code="e">author</subfield></datafield><datafield tag="700" ind1="1" ind2=" "><subfield code="a">Pascual, Ma Belén</subfield><subfield code="e">author</subfield></datafield><datafield tag="700" ind1="1" ind2=" "><subfield code="a">Avila, Concepción</subfield><subfield code="e">author</subfield></datafield><datafield tag="700" ind1="1" ind2=" "><subfield code="a">Cánovas, Francisco M</subfield><subfield code="e">author</subfield></datafield><datafield tag="773" ind1="0" ind2=" "><subfield code="t">BMC plant biology.</subfield><subfield code="g">2015 Dec., v. 15, no. 1 p.20-20</subfield><subfield code="d">BioMed Central</subfield><subfield code="x">1471-2229</subfield><subfield code="7">nnas</subfield></datafield><datafield tag="787" ind1="1" ind2=" "><subfield code="o">islandora_article_repository</subfield></datafield><datafield tag="787" ind1="1" ind2=" "><subfield code="o">product_pubag</subfield></datafield><datafield tag="787" ind1="1" ind2=" "><subfield code="o">(Journal)2167</subfield></datafield><datafield tag="856" ind1="4" ind2="0"><subfield code="u">http://dx.doi.org/10.1186/s12870-014-0365-5</subfield><subfield code="3">Available from publisher's site</subfield></datafield><datafield tag="912" ind1=" " ind2=" "><subfield code="a">Article</subfield></datafield><datafield tag="914" ind1=" " ind2=" "><subfield code="a">Journal:2167</subfield><subfield code="b">1471-2229</subfield><subfield code="c">15</subfield><subfield code="d">1</subfield><subfield code="e">20</subfield></datafield><datafield tag="914" ind1=" " ind2=" "><subfield code="f">BMC plant biology</subfield></datafield><datafield tag="916" ind1=" " ind2=" "><subfield code="a">Batch:1843</subfield></datafield><datafield tag="917" ind1=" " ind2=" "><subfield code="a">issued</subfield></datafield><datafield tag="918" ind1="2" ind2=" "><subfield code="a">Springer</subfield><subfield code="e">provider</subfield><subfield code="5">DNAL</subfield></datafield><datafield tag="935" ind1=" " ind2=" "><subfield code="a">IND605779350</subfield><subfield code="9">ExL</subfield></datafield><datafield tag="949" ind1=" " ind2=" "><subfield code="a">2017-12-07</subfield></datafield><datafield tag="953" ind1=" " ind2=" "><subfield code="a">ftp_PUB_17-08-11_06-28-00.zip</subfield></datafield><datafield tag="962" ind1=" " ind2=" "><subfield code="a">Journal title changed from 'BMC Plant Biol'</subfield></datafield><datafield tag="962" ind1=" " ind2=" "><subfield code="a">Batch:1843 reviewed on 2017-12-07T15:00:03Z</subfield></datafield><datafield tag="974" ind1=" " ind2=" "><subfield code="a">agid:5779350</subfield></datafield><datafield tag="983" ind1=" " ind2=" "><subfield code="a">2017-08-11</subfield></datafield><datafield tag="984" ind1=" " ind2=" "><subfield code="a">2017-12-07</subfield></datafield></record>