<record><leader>03479nab a2200577 u 4500</leader><controlfield tag="001">9915909254307426</controlfield><controlfield tag="005">20221116142335.0</controlfield><controlfield tag="008">151123e201308 xx |||||o|||||||||||eng||</controlfield><datafield tag="" ind1="7" ind2=" "><subfield code="a">IND500677834</subfield><subfield code="2">DNAL</subfield></datafield><datafield tag="024" ind1="7" ind2=" "><subfield code="a">10.1007/s11295-013-0612-1</subfield><subfield code="2">doi</subfield></datafield><datafield tag="035" ind1=" " ind2=" "><subfield code="a">agid:599577-01nal_inst</subfield></datafield><datafield tag="040" ind1=" " ind2=" "><subfield code="a">AGL</subfield><subfield code="b">eng</subfield><subfield code="c">AGL</subfield></datafield><datafield tag="100" ind1="1" ind2=" "><subfield code="a">Muranishi, Shuhei</subfield><subfield code="e">author</subfield></datafield><datafield tag="245" ind1="1" ind2="0"><subfield code="a">Asymmetric introgression between Magnolia stellata and M. salicifolia at a site where the two species grow sympatrically</subfield></datafield><datafield tag="300" ind1=" " ind2=" "><subfield code="a">p. 1005-1015.</subfield></datafield><datafield tag="520" ind1=" " ind2=" "><subfield code="a">In order to understand the ongoing evolutionary relationships between species, it is important to elucidate patterns of natural hybridization. In the zone where two species are sympatrically distributed, we examined 274 individuals of Magnolia stellata, Magnolia salicifolia, and their putative hybrids by means of 16 nuclear and three chloroplast microsatellite markers. Hybrid classes of individuals were estimated by admixture analyses. Morphological traits were also investigated for 64 of the 274 individuals. Admixture analyses revealed that 66 of the 274 individuals were classified as hybrids, comprising 17 F₁ and 19 F₂ individuals, 27 backcrosses to M. salicifolia, and 3 individuals of unknown origin. Morphological data from the 64 individuals agreed well with their genetic admixture rates. Spatial locations of F₁ and F₂ hybrids at the study site were intermediate between the two purebred species, indicating that the site preferences of hybrids are intermediate. The occurrences of F₂ and backcross hybrids indicate that F₁ hybrids are fertile. The chloroplast DNA haplotypes of all F₁ hybrids corresponded to those detected in M. salicifolia, so that maternal parents of the F₁ hybrids were all M. salicifolia. Furthermore, no hybrid individuals derived from a backcross to M. stellata were detected. These results suggest that the direction of hybridization and the subsequent introgression have been quite asymmetric and that the introgression occurred from M. stellata into M. salicifolia.</subfield></datafield><datafield tag="592" ind1=" " ind2=" "><subfield code="a">Publisher supplied data</subfield></datafield><datafield tag="593" ind1=" " ind2=" "><subfield code="a">PubAg article</subfield></datafield><datafield tag="650" ind1=" " ind2="3"><subfield code="a">Magnolia salicifolia</subfield></datafield><datafield tag="650" ind1=" " ind2="3"><subfield code="a">Magnolia stellata</subfield></datafield><datafield tag="650" ind1=" " ind2="3"><subfield code="a">backcrossing</subfield></datafield><datafield tag="650" ind1=" " ind2="3"><subfield code="a">chloroplast DNA</subfield></datafield><datafield tag="650" ind1=" " ind2="3"><subfield code="a">chloroplasts</subfield></datafield><datafield tag="650" ind1=" " ind2="3"><subfield code="a">haplotypes</subfield></datafield><datafield tag="650" ind1=" " ind2="3"><subfield code="a">hybrids</subfield></datafield><datafield tag="650" ind1=" " ind2="3"><subfield code="a">introgression</subfield></datafield><datafield tag="650" ind1=" " ind2="3"><subfield code="a">microsatellite repeats</subfield></datafield><datafield tag="650" ind1=" " ind2="3"><subfield code="a">parents</subfield></datafield><datafield tag="650" ind1=" " ind2="3"><subfield code="a">purebreds</subfield></datafield><datafield tag="700" ind1="1" ind2=" "><subfield code="a">Tamaki, Ichiro</subfield><subfield code="e">author</subfield></datafield><datafield tag="700" ind1="1" ind2=" "><subfield code="a">Setsuko, Suzuki</subfield><subfield code="e">author</subfield></datafield><datafield tag="700" ind1="1" ind2=" "><subfield code="a">Tomaru, Nobuhiro</subfield><subfield code="e">author</subfield></datafield><datafield tag="773" ind1="0" ind2=" "><subfield code="t">Tree genetics &amp; genomes.</subfield><subfield code="g">2013 Aug., v. 9, no. 4 p.1005-1015</subfield><subfield code="d">Springer Berlin Heidelberg</subfield><subfield code="x">1614-2942</subfield><subfield code="7">nnas</subfield></datafield><datafield tag="787" ind1="1" ind2=" "><subfield code="o">islandora_article_repository</subfield></datafield><datafield tag="787" ind1="1" ind2=" "><subfield code="o">product_pubag</subfield></datafield><datafield tag="787" ind1="1" ind2=" "><subfield code="o">(Journal)jnl3949857</subfield></datafield><datafield tag="856" ind1="4" ind2="0"><subfield code="u">http://dx.doi.org/10.1007/s11295-013-0612-1</subfield><subfield code="3">Available from publisher's site</subfield></datafield><datafield tag="912" ind1=" " ind2=" "><subfield code="a">Article</subfield></datafield><datafield tag="914" ind1=" " ind2=" "><subfield code="a">Journal:jnl3949857</subfield><subfield code="b">1614-2942</subfield><subfield code="c">9</subfield><subfield code="d">4</subfield><subfield code="e">1005</subfield></datafield><datafield tag="914" ind1=" " ind2=" "><subfield code="f">Tree genetics &amp; genomes</subfield></datafield><datafield tag="917" ind1=" " ind2=" "><subfield code="a">issued</subfield></datafield><datafield tag="918" ind1="2" ind2=" "><subfield code="a">Springer</subfield><subfield code="e">provider</subfield><subfield code="5">DNAL</subfield></datafield><datafield tag="935" ind1=" " ind2=" "><subfield code="a">IND500677834</subfield><subfield code="9">ExL</subfield></datafield><datafield tag="949" ind1=" " ind2=" "><subfield code="a">2014-03-19</subfield></datafield><datafield tag="953" ind1=" " ind2=" "><subfield code="a">ftp_PUB_15-11-20_05-13-52.zip</subfield></datafield><datafield tag="962" ind1=" " ind2=" "><subfield code="a">Batch:458 annotated on 2014-02-27T10:27:05Z</subfield></datafield><datafield tag="962" ind1=" " ind2=" "><subfield code="a">Batch:458 reviewed on 2014-03-14T16:00:05Z</subfield></datafield><datafield tag="962" ind1=" " ind2=" "><subfield code="a">Batch:458 reviewed on 2014-03-19T16:00:05Z</subfield></datafield><datafield tag="974" ind1=" " ind2=" "><subfield code="a">agid:599577</subfield></datafield><datafield tag="983" ind1=" " ind2=" "><subfield code="a">2015-11-23</subfield></datafield><datafield tag="984" ind1=" " ind2=" "><subfield code="a">2015-11-23</subfield></datafield></record>