<record><leader>04143nab a2200625 u 4500</leader><controlfield tag="001">9915909560407426</controlfield><controlfield tag="005">20221116144011.0</controlfield><controlfield tag="008">200417e20200416xx |||||o|||||||||||eng||</controlfield><datafield tag="" ind1="7" ind2=" "><subfield code="a">IND606888629</subfield><subfield code="2">DNAL</subfield></datafield><datafield tag="024" ind1="7" ind2=" "><subfield code="a">10.1637/0003-0031-183.2.210</subfield><subfield code="2">doi</subfield></datafield><datafield tag="035" ind1=" " ind2=" "><subfield code="a">agid:6888629-01nal_inst</subfield></datafield><datafield tag="040" ind1=" " ind2=" "><subfield code="a">AGL</subfield><subfield code="b">eng</subfield><subfield code="c">AGL</subfield></datafield><datafield tag="100" ind1="1" ind2=" "><subfield code="a">Laughlin, Madison M.</subfield><subfield code="e">author</subfield><subfield code="u">Northland College 1411 Ellis Avenue, Ashland, Wisconsin, 54806</subfield></datafield><datafield tag="245" ind1="1" ind2="0"><subfield code="a">Arboreal Camera Trapping Reveals Seasonal Behaviors of Peromyscus spp. in Pinus strobus Canopies</subfield></datafield><datafield tag="300" ind1=" " ind2=" "><subfield code="a">p. 210-222.</subfield></datafield><datafield tag="520" ind1=" " ind2=" "><subfield code="a">Ecological understanding of many arboreal and semi-arboreal species is limited because of difficulties associated with studying wildlife in canopies. As part of a multi-faceted Pinus strobus canopy research project, we used camera traps located in canopies to examine diel, seasonal, and spatial patterns of Peromyscus spp.'s arboreal habitat use. From 2014 to 2018, we documented 201 events of Peromyscus spp. using the canopy over the course of 8491 camera trap nights, at three separate sites spanning a 57 km north-south transect. We detected Peromyscus spp. at heights up to 24 m, the highest above-ground observation on record, for Peromyscus leucopus (white-footed mouse) or Peromyscus maniculatus (deer mouse), the two species of Peromyscus present within our study area. To determine species-specific canopy use, we live-trapped Peromyscus at the base of each research tree and applied differential markings; right ear tags for P. leucopus and left ear tags for P. maniculatus. Camera trap images revealed both species of Peromyscus climbed with peak activity between 2000 h and 0400 h. We found ∼90% of the camera trap events occurred in Aug., Sept., and Oct. which coincides with the maturing of P. strobus cones, suggesting Peromyscus spp. may seasonally exploit arboreal habitats to forage. Daily and monthly detection probabilities for Peromyscus spp. ranged from 0.15–0.70 and from 0.14–0.91, respectively. The probability of all three cameras failing to detect an individual Peromyscus spp., given it was present in the tree, on any given day or month, ranged from 0.15–0.19 and 0.01–0.06, respectively; indicating our examination of activity patterns was robust. Our observations challenge previous ideas of the arboreal tendencies of Peromyscus spp. and further expand our understanding of the natural history of these species within the arboreal realm.</subfield></datafield><datafield tag="592" ind1=" " ind2=" "><subfield code="a">Publisher supplied data</subfield></datafield><datafield tag="593" ind1=" " ind2=" "><subfield code="a">PubAg article</subfield></datafield><datafield tag="650" ind1=" " ind2="3"><subfield code="a">Peromyscus leucopus</subfield></datafield><datafield tag="650" ind1=" " ind2="3"><subfield code="a">Peromyscus maniculatus</subfield></datafield><datafield tag="650" ind1=" " ind2="3"><subfield code="a">Pinus strobus</subfield></datafield><datafield tag="650" ind1=" " ind2="3"><subfield code="a">camera trapping</subfield></datafield><datafield tag="650" ind1=" " ind2="3"><subfield code="a">cameras</subfield></datafield><datafield tag="650" ind1=" " ind2="3"><subfield code="a">canopy</subfield></datafield><datafield tag="650" ind1=" " ind2="3"><subfield code="a">ear tags</subfield></datafield><datafield tag="650" ind1=" " ind2="3"><subfield code="a">forage</subfield></datafield><datafield tag="650" ind1=" " ind2="3"><subfield code="a">habitat preferences</subfield></datafield><datafield tag="650" ind1=" " ind2="3"><subfield code="a">habitats</subfield></datafield><datafield tag="650" ind1=" " ind2="3"><subfield code="a">natural history</subfield></datafield><datafield tag="650" ind1=" " ind2="3"><subfield code="a">probability</subfield></datafield><datafield tag="650" ind1=" " ind2="3"><subfield code="a">research projects</subfield></datafield><datafield tag="650" ind1=" " ind2="3"><subfield code="a">trees</subfield></datafield><datafield tag="650" ind1=" " ind2="3"><subfield code="a">wildlife</subfield></datafield><datafield tag="700" ind1="1" ind2=" "><subfield code="a">Martin, Jonathan G.</subfield><subfield code="e">author</subfield><subfield code="u">Northland College 1411 Ellis Avenue, Ashland, Wisconsin, 54806</subfield></datafield><datafield tag="700" ind1="1" ind2=" "><subfield code="a">Olson, Erik R.</subfield><subfield code="e">author</subfield><subfield code="u">Northland College 1411 Ellis Avenue, Ashland, Wisconsin, 54806</subfield></datafield><datafield tag="773" ind1="0" ind2=" "><subfield code="t">American midland naturalist.</subfield><subfield code="g">2020 Apr. 16, v. 183, no. 2 p.210-222</subfield><subfield code="d">University of Notre Dame</subfield><subfield code="w">Journal:6277</subfield><subfield code="x">0003-0031</subfield><subfield code="7">nnas</subfield></datafield><datafield tag="787" ind1="1" ind2=" "><subfield code="o">islandora_article_repository</subfield></datafield><datafield tag="787" ind1="1" ind2=" "><subfield code="o">product_pubag</subfield></datafield><datafield tag="787" ind1="1" ind2=" "><subfield code="o">(Journal)6277</subfield></datafield><datafield tag="856" ind1="4" ind2="0"><subfield code="u">http://dx.doi.org/10.1637/0003-0031-183.2.210</subfield><subfield code="3">Available from publisher's site</subfield></datafield><datafield tag="912" ind1=" " ind2=" "><subfield code="a">Article</subfield></datafield><datafield tag="914" ind1=" " ind2=" "><subfield code="a">Journal:6277</subfield><subfield code="b">0003-0031</subfield><subfield code="c">183</subfield><subfield code="d">2</subfield><subfield code="e">210</subfield></datafield><datafield tag="914" ind1=" " ind2=" "><subfield code="f">American midland naturalist</subfield></datafield><datafield tag="916" ind1=" " ind2=" "><subfield code="a">Batch:2523</subfield></datafield><datafield tag="917" ind1=" " ind2=" "><subfield code="a">issued</subfield></datafield><datafield tag="918" ind1="2" ind2=" "><subfield code="a">BioOne</subfield><subfield code="e">provider</subfield><subfield code="5">DNAL</subfield></datafield><datafield tag="935" ind1=" " ind2=" "><subfield code="a">IND606888629</subfield><subfield code="9">ExL</subfield></datafield><datafield tag="949" ind1=" " ind2=" "><subfield code="a">2020-07-21</subfield></datafield><datafield tag="953" ind1=" " ind2=" "><subfield code="a">/data/metadata/incoming/bioone/0003-0031-183.2.210_front.xml.zip</subfield></datafield><datafield tag="954" ind1=" " ind2=" "><subfield code="a">file:/data/metadata/staging/bioone/0003-0031-183.2.210_front.xml</subfield></datafield><datafield tag="955" ind1=" " ind2=" "><subfield code="a">/data/metadata/staging/bioone/</subfield></datafield><datafield tag="962" ind1=" " ind2=" "><subfield code="a">Batch:2523 reviewed on 2020-07-21T04:00:04Z</subfield></datafield><datafield tag="974" ind1=" " ind2=" "><subfield code="a">agid:6888629</subfield></datafield><datafield tag="983" ind1=" " ind2=" "><subfield code="a">2020-04-17</subfield></datafield><datafield tag="984" ind1=" " ind2=" "><subfield code="a">2020-07-21</subfield></datafield></record>