<record><leader>04595nab a2200829 u 4500</leader><controlfield tag="001">9915909601907426</controlfield><controlfield tag="005">20221116143835.0</controlfield><controlfield tag="008">150217e201503 xx |||||o|||||||||||eng||</controlfield><datafield tag="" ind1="7" ind2=" "><subfield code="a">IND601211891</subfield><subfield code="2">DNAL</subfield></datafield><datafield tag="024" ind1="7" ind2=" "><subfield code="a">10.1007/s11160-014-9368-4</subfield><subfield code="2">doi</subfield></datafield><datafield tag="035" ind1=" " ind2=" "><subfield code="a">agid:1211891-01nal_inst</subfield></datafield><datafield tag="040" ind1=" " ind2=" "><subfield code="a">AGL</subfield><subfield code="b">eng</subfield><subfield code="c">AGL</subfield></datafield><datafield tag="100" ind1="1" ind2=" "><subfield code="a">Young, J. W.</subfield><subfield code="e">author</subfield><subfield code="u">CSIRO Ocean and Atmosphere Flagship, GPO Box 1538, Hobart, TAS, 7000, Australia, Jock.Young@csiro.au</subfield></datafield><datafield tag="245" ind1="1" ind2="0"><subfield code="a">Setting the stage for a global-scale trophic analysis of marine top predators: a multi-workshop review</subfield></datafield><datafield tag="300" ind1=" " ind2=" "><subfield code="a">p. 261-272.</subfield></datafield><datafield tag="520" ind1=" " ind2=" "><subfield code="a">Global-scale studies of marine food webs are rare, despite their necessity for examining and understanding ecosystem level effects of climate variability. Here we review the progress of an international collaboration that compiled regional diet datasets of multiple top predator fishes from the Indian, Pacific and Atlantic Oceans and developed new statistical methods that can be used to obtain a comprehensive ocean-scale understanding of food webs and climate impacts on marine top predators. We loosely define top predators not as species at the apex of the food web, but rather a guild of large predators near the top of the food web. Specifically, we present a framework for world-wide compilation and analysis of global stomach-contents and stable-isotope data of tunas and other large pelagic predatory fishes. To illustrate the utility of the statistical methods, we show an example using yellowfin tuna in a “test” area in the Pacific Ocean. Stomach-contents data were analyzed using a modified (bagged) classification tree approach, which is being prepared as an R statistical software package. Bulk δ¹⁵N values of yellowfin tuna muscle tissue were examined using a Generalized Additive Model, after adjusting for spatial differences in the δ¹⁵N values of the baseline primary producers predicted by a global coupled ocean circulation-biogeochemical-isotope model. Both techniques in tandem demonstrated the capacity of this approach to elucidate spatial patterns of variations in both forage species and predator trophic positions and have the potential to predict responses to climate change. We believe this methodology could be extended to all marine top predators. Our results emphasize the necessity for quantitative investigations of global-scale datasets when evaluating changes to the food webs underpinning top ocean predators under long-term climatic variability.</subfield></datafield><datafield tag="592" ind1=" " ind2=" "><subfield code="a">Publisher supplied data</subfield></datafield><datafield tag="593" ind1=" " ind2=" "><subfield code="a">PubAg article</subfield></datafield><datafield tag="650" ind1=" " ind2="3"><subfield code="a">Thunnus albacares</subfield></datafield><datafield tag="650" ind1=" " ind2="3"><subfield code="a">climate</subfield></datafield><datafield tag="650" ind1=" " ind2="3"><subfield code="a">climate change</subfield></datafield><datafield tag="650" ind1=" " ind2="3"><subfield code="a">computer software</subfield></datafield><datafield tag="650" ind1=" " ind2="3"><subfield code="a">data collection</subfield></datafield><datafield tag="650" ind1=" " ind2="3"><subfield code="a">diet</subfield></datafield><datafield tag="650" ind1=" " ind2="3"><subfield code="a">ecosystems</subfield></datafield><datafield tag="650" ind1=" " ind2="3"><subfield code="a">food webs</subfield></datafield><datafield tag="650" ind1=" " ind2="3"><subfield code="a">forage</subfield></datafield><datafield tag="650" ind1=" " ind2="3"><subfield code="a">models</subfield></datafield><datafield tag="650" ind1=" " ind2="3"><subfield code="a">muscle tissues</subfield></datafield><datafield tag="650" ind1=" " ind2="3"><subfield code="a">normal values</subfield></datafield><datafield tag="650" ind1=" " ind2="3"><subfield code="a">predators</subfield></datafield><datafield tag="650" ind1=" " ind2="3"><subfield code="a">stable isotopes</subfield></datafield><datafield tag="650" ind1=" " ind2="3"><subfield code="a">statistical analysis</subfield></datafield><datafield tag="650" ind1=" " ind2="3"><subfield code="a">tuna</subfield></datafield><datafield tag="651" ind1=" " ind2="3"><subfield code="a">Atlantic Ocean</subfield></datafield><datafield tag="651" ind1=" " ind2="3"><subfield code="a">Pacific Ocean</subfield></datafield><datafield tag="700" ind1="1" ind2=" "><subfield code="a">Olson, R. J.</subfield><subfield code="e">author</subfield></datafield><datafield tag="700" ind1="1" ind2=" "><subfield code="a">Ménard, F.</subfield><subfield code="e">author</subfield></datafield><datafield tag="700" ind1="1" ind2=" "><subfield code="a">Kuhnert, P. M.</subfield><subfield code="e">author</subfield></datafield><datafield tag="700" ind1="1" ind2=" "><subfield code="a">Duffy, L. M.</subfield><subfield code="e">author</subfield></datafield><datafield tag="700" ind1="1" ind2=" "><subfield code="a">Allain, V.</subfield><subfield code="e">author</subfield></datafield><datafield tag="700" ind1="1" ind2=" "><subfield code="a">Logan, J. M.</subfield><subfield code="e">author</subfield></datafield><datafield tag="700" ind1="1" ind2=" "><subfield code="a">Lorrain, A.</subfield><subfield code="e">author</subfield></datafield><datafield tag="700" ind1="1" ind2=" "><subfield code="a">Somes, C. J.</subfield><subfield code="e">author</subfield></datafield><datafield tag="700" ind1="1" ind2=" "><subfield code="a">Graham, B.</subfield><subfield code="e">author</subfield></datafield><datafield tag="700" ind1="1" ind2=" "><subfield code="a">Goñi, N.</subfield><subfield code="e">author</subfield></datafield><datafield tag="700" ind1="1" ind2=" "><subfield code="a">Pethybridge, H.</subfield><subfield code="e">author</subfield></datafield><datafield tag="700" ind1="1" ind2=" "><subfield code="a">Simier, M.</subfield><subfield code="e">author</subfield></datafield><datafield tag="700" ind1="1" ind2=" "><subfield code="a">Potier, M.</subfield><subfield code="e">author</subfield></datafield><datafield tag="700" ind1="1" ind2=" "><subfield code="a">Romanov, E.</subfield><subfield code="e">author</subfield></datafield><datafield tag="700" ind1="1" ind2=" "><subfield code="a">Pagendam, D.</subfield><subfield code="e">author</subfield></datafield><datafield tag="700" ind1="1" ind2=" "><subfield code="a">Hannides, C.</subfield><subfield code="e">author</subfield></datafield><datafield tag="700" ind1="1" ind2=" "><subfield code="a">Choy, C. A.</subfield><subfield code="e">author</subfield></datafield><datafield tag="773" ind1="0" ind2=" "><subfield code="t">Reviews in fish biology and fisheries.</subfield><subfield code="g">2015 Mar., v. 25, no. 1 p.261-272</subfield><subfield code="d">Springer-Verlag</subfield><subfield code="x">0960-3166</subfield><subfield code="7">nnas</subfield></datafield><datafield tag="787" ind1="1" ind2=" "><subfield code="o">islandora_article_repository</subfield></datafield><datafield tag="787" ind1="1" ind2=" "><subfield code="o">product_pubag</subfield></datafield><datafield tag="787" ind1="1" ind2=" "><subfield code="o">(Journal)jnl3871702</subfield></datafield><datafield tag="856" ind1="4" ind2="0"><subfield code="u">http://dx.doi.org/10.1007/s11160-014-9368-4</subfield><subfield code="3">Available from publisher's site</subfield></datafield><datafield tag="912" ind1=" " ind2=" "><subfield code="a">Article</subfield></datafield><datafield tag="914" ind1=" " ind2=" "><subfield code="a">Journal:jnl3871702</subfield><subfield code="b">0960-3166</subfield><subfield code="c">25</subfield><subfield code="d">1</subfield><subfield code="e">261</subfield></datafield><datafield tag="914" ind1=" " ind2=" "><subfield code="f">Reviews in fish biology and fisheries</subfield></datafield><datafield tag="916" ind1=" " ind2=" "><subfield code="a">Batch:982</subfield></datafield><datafield tag="917" ind1=" " ind2=" "><subfield code="a">issued</subfield></datafield><datafield tag="918" ind1="2" ind2=" "><subfield code="a">Springer</subfield><subfield code="e">provider</subfield><subfield code="5">DNAL</subfield></datafield><datafield tag="935" ind1=" " ind2=" "><subfield code="a">IND601211891</subfield><subfield code="9">ExL</subfield></datafield><datafield tag="949" ind1=" " ind2=" "><subfield code="a">2015-07-30</subfield></datafield><datafield tag="953" ind1=" " ind2=" "><subfield code="a">ftp_PUB_15-02-13_05-36-41.zip</subfield></datafield><datafield tag="962" ind1=" " ind2=" "><subfield code="a">Journal title changed from 'Rev Fish Biol Fisheries'</subfield></datafield><datafield tag="962" ind1=" " ind2=" "><subfield code="a">Batch:982 reviewed on 2015-07-30T11:00:07Z</subfield></datafield><datafield tag="974" ind1=" " ind2=" "><subfield code="a">agid:1211891</subfield></datafield><datafield tag="983" ind1=" " ind2=" "><subfield code="a">2015-02-17</subfield></datafield><datafield tag="984" ind1=" " ind2=" "><subfield code="a">2015-07-30</subfield></datafield></record>