<record><leader>03877nab a2200697 u 4500</leader><controlfield tag="001">9915909665507426</controlfield><controlfield tag="005">20221116143821.0</controlfield><controlfield tag="008">100709e20100715xx |||||o|||||||||||eng||</controlfield><datafield tag="" ind1="7" ind2=" "><subfield code="a">IND44396767</subfield><subfield code="2">DNAL</subfield></datafield><datafield tag="024" ind1="7" ind2=" "><subfield code="a">10.1/j.foreco.2010.04.039</subfield><subfield code="2">doi</subfield></datafield><datafield tag="035" ind1=" " ind2=" "><subfield code="a">agid:788386-01nal_inst</subfield></datafield><datafield tag="040" ind1=" " ind2=" "><subfield code="a">AGL</subfield><subfield code="b">eng</subfield><subfield code="c">AGL</subfield></datafield><datafield tag="072" ind1=" " ind2="0"><subfield code="a">F300</subfield></datafield><datafield tag="072" ind1=" " ind2="0"><subfield code="a">K001</subfield></datafield><datafield tag="100" ind1="1" ind2=" "><subfield code="a">Martínez, Isabel</subfield></datafield><datafield tag="245" ind1="1" ind2="0"><subfield code="a">Spatial associations among tree species in a temperate forest community in North-western Spain</subfield></datafield><datafield tag="300" ind1=" " ind2=" "><subfield code="a">p. 456-465.</subfield></datafield><datafield tag="500" ind1=" " ind2=" "><subfield code="a">Includes references</subfield></datafield><datafield tag="520" ind1=" " ind2=" "><subfield code="a">Analyzing spatial patterns in plant communities may provide insights in the importance of different processes for community assembly and dynamics. We applied techniques of spatial point pattern analysis to data from a fully mapped plot of a temperate forest community (Corylus avellana, Crataegus monogyna, Fagus sylvatica, Ilex aquifolium and Taxus baccata) in North-western Spain to conduct a community wide assessment of the type and frequency of intra and interspecific spatial association patterns. We first explored the overall intra and interspecific patterning, and then classified the types of association patterns at various neighbourhoods. By conditioning on the larger scale pattern we then explored small-scale (0-15m) intraspecific and interspecific patterns. Association patterns varied from strong positive association at small scales to, as a by-product, repulsion at intermediate scales. Surprisingly, there were no negative associations at small scales, but trees were arranged in multi-species clumps, up to 2.5m in diameter and comprising a few individuals. Ilex and Corylus, the understorey species, were frequently involved in the clumps, showing positive small-scale association with the other tree species. Our analyses highlighted that animal mediated seed dispersal, interspecific facilitation and perturbation processes may operate successively to shape tree distributional patterns, although their relative importance vary among species. Given the complexity of the patterns described and the current threats to some of the species studied, directed experiments in the field are needed to further elucidate some of the hypotheses derived.</subfield></datafield><datafield tag="593" ind1=" " ind2=" "><subfield code="a">PubAg article</subfield></datafield><datafield tag="650" ind1=" " ind2="3"><subfield code="a">temperate forests</subfield></datafield><datafield tag="650" ind1=" " ind2="3"><subfield code="a">forest trees</subfield></datafield><datafield tag="650" ind1=" " ind2="3"><subfield code="a">forest communities</subfield></datafield><datafield tag="650" ind1=" " ind2="3"><subfield code="a">spatial distribution</subfield></datafield><datafield tag="650" ind1=" " ind2="3"><subfield code="a">botanical composition</subfield></datafield><datafield tag="650" ind1=" " ind2="3"><subfield code="a">stand structure</subfield></datafield><datafield tag="650" ind1=" " ind2="3"><subfield code="a">Corylus avellana</subfield></datafield><datafield tag="650" ind1=" " ind2="3"><subfield code="a">Crataegus monogyna</subfield></datafield><datafield tag="650" ind1=" " ind2="3"><subfield code="a">Fagus sylvatica</subfield></datafield><datafield tag="650" ind1=" " ind2="3"><subfield code="a">Ilex aquifolium</subfield></datafield><datafield tag="650" ind1=" " ind2="3"><subfield code="a">Taxus baccata</subfield></datafield><datafield tag="650" ind1=" " ind2="3"><subfield code="a">diameter</subfield></datafield><datafield tag="650" ind1=" " ind2="3"><subfield code="a">understory</subfield></datafield><datafield tag="650" ind1=" " ind2="3"><subfield code="a">seed dispersal</subfield></datafield><datafield tag="651" ind1=" " ind2="3"><subfield code="a">Spain</subfield></datafield><datafield tag="653" ind1=" " ind2="0"><subfield code="a">spatial associations</subfield></datafield><datafield tag="653" ind1=" " ind2="0"><subfield code="a">interspecific facility</subfield></datafield><datafield tag="653" ind1=" " ind2="0"><subfield code="a">perturbation processes</subfield></datafield><datafield tag="700" ind1="1" ind2=" "><subfield code="a">Wiegand, Thorsten</subfield></datafield><datafield tag="700" ind1="1" ind2=" "><subfield code="a">González-Taboada, Fernando</subfield></datafield><datafield tag="700" ind1="1" ind2=" "><subfield code="a">Obeso, José Ramón</subfield></datafield><datafield tag="773" ind1="0" ind2=" "><subfield code="t">Forest ecology and management.</subfield><subfield code="g">2010 July 15, v. 260, no. 4 p.456-465</subfield><subfield code="d">Elsevier Science</subfield><subfield code="x">0378-1127</subfield><subfield code="7">nnas</subfield></datafield><datafield tag="787" ind1="1" ind2=" "><subfield code="o">islandora_article_repository</subfield></datafield><datafield tag="787" ind1="1" ind2=" "><subfield code="o">product_pubag</subfield></datafield><datafield tag="787" ind1="1" ind2=" "><subfield code="o">(Journal)jnl9013</subfield></datafield><datafield tag="852" ind1=" " ind2=" "><subfield code="a">DNAL</subfield></datafield><datafield tag="856" ind1="4" ind2="0"><subfield code="u">http://dx.doi.org/10.1/j.foreco.2010.04.039</subfield><subfield code="3">Available from publisher's Web site</subfield></datafield><datafield tag="912" ind1=" " ind2=" "><subfield code="a">Article</subfield></datafield><datafield tag="914" ind1=" " ind2=" "><subfield code="a">Journal:jnl9013</subfield><subfield code="b">0378-1127</subfield><subfield code="c">260</subfield><subfield code="d">4</subfield><subfield code="e">456</subfield></datafield><datafield tag="914" ind1=" " ind2=" "><subfield code="f">Forest ecology and management</subfield></datafield><datafield tag="917" ind1=" " ind2=" "><subfield code="a">issued</subfield></datafield><datafield tag="930" ind1=" " ind2=" "><subfield code="a">20101207</subfield><subfield code="b">20110101</subfield><subfield code="c">00000000</subfield></datafield><datafield tag="935" ind1=" " ind2=" "><subfield code="a">IND44396767</subfield><subfield code="9">ExL</subfield></datafield><datafield tag="945" ind1=" " ind2=" "><subfield code="a">IND</subfield><subfield code="d">2CT</subfield><subfield code="e">2010/10/27</subfield></datafield><datafield tag="946" ind1=" " ind2=" "><subfield code="a">Non-US</subfield></datafield><datafield tag="949" ind1=" " ind2=" "><subfield code="a">2014-07-17</subfield></datafield><datafield tag="952" ind1=" " ind2=" "><subfield code="a">20101207 20110101 00000000</subfield><subfield code="b">IND 2CT 2010/10/27</subfield></datafield><datafield tag="974" ind1=" " ind2=" "><subfield code="a">agid:788386</subfield></datafield><datafield tag="984" ind1=" " ind2=" "><subfield code="a">2014-07-25</subfield></datafield><datafield tag="985" ind1=" " ind2=" "><subfield code="a">Converted from MARCXML to MODS version 3.4 using MARC21slim2MODS3-4.xsl (Revision 1.95 2014/04/23)</subfield></datafield><datafield tag="986" ind1=" " ind2=" "><subfield code="a">4396767</subfield></datafield></record>