<record><leader>04433nab a2200733 u 4500</leader><controlfield tag="001">9915909800807426</controlfield><controlfield tag="005">20221116144412.0</controlfield><controlfield tag="008">140420e201405 xx |||||o|||||||||||eng||</controlfield><datafield tag="" ind1="7" ind2=" "><subfield code="a">IND500888966</subfield><subfield code="2">DNAL</subfield></datafield><datafield tag="024" ind1="7" ind2=" "><subfield code="a">10.1007/s10980-014-0013-3</subfield><subfield code="2">doi</subfield></datafield><datafield tag="035" ind1=" " ind2=" "><subfield code="a">agid:650920-01nal_inst</subfield></datafield><datafield tag="040" ind1=" " ind2=" "><subfield code="a">AGL</subfield><subfield code="b">eng</subfield><subfield code="c">AGL</subfield></datafield><datafield tag="100" ind1="1" ind2=" "><subfield code="a">Dickson, Brett G.</subfield><subfield code="e">author</subfield><subfield code="u">Lab of Landscape Ecology and Conservation Biology, Landscape Conservation Initiative, Northern Arizona University, P.O. Box 5694, Flagstaff, AZ, 86011, USA, brett.dickson@nau.edu</subfield></datafield><datafield tag="245" ind1="1" ind2="0"><subfield code="a">Integrating single-species management and landscape conservation using regional habitat occurrence models: the northern goshawk in the Southwest, USA</subfield></datafield><datafield tag="300" ind1=" " ind2=" "><subfield code="a">p. 803-815.</subfield></datafield><datafield tag="520" ind1=" " ind2=" "><subfield code="a">Conservation planners and land managers are often confronted with scale-associated challenges when assessing the relationship between land management objectives and species conservation. Conservation of individual species typically involves site-level analyses of habitat, whereas land management focuses on larger spatial extents. New models are needed to more explicitly integrate species-specific conservation with landscape or regional scales. We address this challenge with an example using the northern goshawk (Accipiter gentilis), a forest raptor with circumpolar distribution that is the focus of intense debate regarding forest management on public lands in the southwestern USA. To address goshawk-specific habitat conservation across a management area of 22,800-km² in northern Arizona, we focused on the territory scale rather than individual nest sites. We compiled a 17-year database of 895 nest sites to estimate territory locations. We then estimated the likelihood of territory occurrence for the entire management area using multiple logistic regression within an expert-driven, spatially balanced, and information-theoretic framework. Our occurrence model incorporated forest structure variables that were derived from USFS Forest Inventory and Analysis plots and high-resolution satellite imagery. Results indicated that high canopy-bulk density, intermediate canopy-base heights, and low variation in tree density were strong predictors of territory occurrence. We used model-averaged parameter estimates for these variables to map and explore patterns of territory distribution across multiple land jurisdictions and ecological subregions. Our iterative modeling approach complements previous demographic studies in the region. It also provides a robust framework for integrating species conservation and landscape management in ongoing and future regional planning efforts.</subfield></datafield><datafield tag="592" ind1=" " ind2=" "><subfield code="a">Publisher supplied data</subfield></datafield><datafield tag="593" ind1=" " ind2=" "><subfield code="a">PubAg article</subfield></datafield><datafield tag="650" ind1=" " ind2="3"><subfield code="a">Accipiter gentilis</subfield></datafield><datafield tag="650" ind1=" " ind2="3"><subfield code="a">birds of prey</subfield></datafield><datafield tag="650" ind1=" " ind2="3"><subfield code="a">databases</subfield></datafield><datafield tag="650" ind1=" " ind2="3"><subfield code="a">forest inventory</subfield></datafield><datafield tag="650" ind1=" " ind2="3"><subfield code="a">forest management</subfield></datafield><datafield tag="650" ind1=" " ind2="3"><subfield code="a">forests</subfield></datafield><datafield tag="650" ind1=" " ind2="3"><subfield code="a">habitat conservation</subfield></datafield><datafield tag="650" ind1=" " ind2="3"><subfield code="a">habitats</subfield></datafield><datafield tag="650" ind1=" " ind2="3"><subfield code="a">image analysis</subfield></datafield><datafield tag="650" ind1=" " ind2="3"><subfield code="a">land management</subfield></datafield><datafield tag="650" ind1=" " ind2="3"><subfield code="a">landscape management</subfield></datafield><datafield tag="650" ind1=" " ind2="3"><subfield code="a">managers</subfield></datafield><datafield tag="650" ind1=" " ind2="3"><subfield code="a">models</subfield></datafield><datafield tag="650" ind1=" " ind2="3"><subfield code="a">nesting sites</subfield></datafield><datafield tag="650" ind1=" " ind2="3"><subfield code="a">public lands</subfield></datafield><datafield tag="650" ind1=" " ind2="3"><subfield code="a">regression analysis</subfield></datafield><datafield tag="650" ind1=" " ind2="3"><subfield code="a">trees</subfield></datafield><datafield tag="651" ind1=" " ind2="3"><subfield code="a">Arizona</subfield></datafield><datafield tag="700" ind1="1" ind2=" "><subfield code="a">Sisk, Thomas D.</subfield><subfield code="e">author</subfield></datafield><datafield tag="700" ind1="1" ind2=" "><subfield code="a">Sesnie, Steven E.</subfield><subfield code="e">author</subfield></datafield><datafield tag="700" ind1="1" ind2=" "><subfield code="a">Reynolds, Richard T.</subfield><subfield code="e">author</subfield></datafield><datafield tag="700" ind1="1" ind2=" "><subfield code="a">Rosenstock, Steven S.</subfield><subfield code="e">author</subfield></datafield><datafield tag="700" ind1="1" ind2=" "><subfield code="a">Vojta, Christina D.</subfield><subfield code="e">author</subfield></datafield><datafield tag="700" ind1="1" ind2=" "><subfield code="a">Ingraldi, Michael F.</subfield><subfield code="e">author</subfield></datafield><datafield tag="700" ind1="1" ind2=" "><subfield code="a">Rundall, Jill M.</subfield><subfield code="e">author</subfield></datafield><datafield tag="773" ind1="0" ind2=" "><subfield code="t">Landscape ecology.</subfield><subfield code="g">2014 May, v. 29, no. 5 p.803-815</subfield><subfield code="d">Springer-Verlag</subfield><subfield code="x">0921-2973</subfield><subfield code="7">nnas</subfield></datafield><datafield tag="787" ind1="1" ind2=" "><subfield code="o">islandora_article_repository</subfield></datafield><datafield tag="787" ind1="1" ind2=" "><subfield code="o">product_pubag</subfield></datafield><datafield tag="787" ind1="1" ind2=" "><subfield code="o">(Journal)jnl3870067</subfield></datafield><datafield tag="856" ind1="4" ind2="0"><subfield code="u">http://dx.doi.org/10.1007/s10980-014-0013-3</subfield></datafield><datafield tag="912" ind1=" " ind2=" "><subfield code="a">Article</subfield></datafield><datafield tag="914" ind1=" " ind2=" "><subfield code="a">Journal:jnl3870067</subfield><subfield code="b">0921-2973</subfield><subfield code="c">29</subfield><subfield code="d">5</subfield><subfield code="e">803</subfield></datafield><datafield tag="914" ind1=" " ind2=" "><subfield code="f">Landscape ecology</subfield></datafield><datafield tag="917" ind1=" " ind2=" "><subfield code="a">issued</subfield></datafield><datafield tag="918" ind1="2" ind2=" "><subfield code="a">Springer</subfield><subfield code="e">provider</subfield><subfield code="5">DNAL</subfield></datafield><datafield tag="935" ind1=" " ind2=" "><subfield code="a">IND500888966</subfield><subfield code="9">ExL</subfield></datafield><datafield tag="949" ind1=" " ind2=" "><subfield code="a">2014-06-16</subfield></datafield><datafield tag="951" ind1=" " ind2=" "><subfield code="a">2014-04-20</subfield></datafield><datafield tag="953" ind1=" " ind2=" "><subfield code="a">ftp_PUB_14-04-20_05-13-40.zip</subfield></datafield><datafield tag="962" ind1=" " ind2=" "><subfield code="a">Journal title changed from 'Landscape Ecol'</subfield></datafield><datafield tag="962" ind1=" " ind2=" "><subfield code="a">Batch:572 annotated on 2014-06-10T14:13:04Z</subfield></datafield><datafield tag="962" ind1=" " ind2=" "><subfield code="a">Batch:572 reviewed on 2014-06-16T11:00:02Z</subfield></datafield><datafield tag="962" ind1=" " ind2=" "><subfield code="a">Batch:572 reviewed on 2014-06-16T16:00:02Z</subfield></datafield><datafield tag="974" ind1=" " ind2=" "><subfield code="a">agid:650920</subfield></datafield><datafield tag="983" ind1=" " ind2=" "><subfield code="a">2014-04-20</subfield></datafield><datafield tag="984" ind1=" " ind2=" "><subfield code="a">2014-04-20</subfield></datafield></record>