<record><leader>03811nab a2200625 u 4500</leader><controlfield tag="001">9915918807426</controlfield><controlfield tag="005">20221116145705.0</controlfield><controlfield tag="008">170728e201704 xx |||||o|||||||||||eng||</controlfield><datafield tag="" ind1="7" ind2=" "><subfield code="a">IND605754043</subfield><subfield code="2">DNAL</subfield></datafield><datafield tag="024" ind1="7" ind2=" "><subfield code="a">10.1007/s00468-015-1341-x</subfield><subfield code="2">doi</subfield></datafield><datafield tag="035" ind1=" " ind2=" "><subfield code="a">agid:5754043-01nal_inst</subfield></datafield><datafield tag="040" ind1=" " ind2=" "><subfield code="a">AGL</subfield><subfield code="b">eng</subfield><subfield code="c">AGL</subfield></datafield><datafield tag="100" ind1="1" ind2=" "><subfield code="a">Wang, Xiaochun</subfield><subfield code="e">author</subfield></datafield><datafield tag="245" ind1="1" ind2="0"><subfield code="a">Temperature signals in tree-ring width and divergent growth of Korean pine response to recent climate warming in northeast Asia</subfield></datafield><datafield tag="300" ind1=" " ind2=" "><subfield code="a">p. 415-427.</subfield></datafield><datafield tag="520" ind1=" " ind2=" "><subfield code="a">KEY MESSAGE : Temperature is a major limiting factor of Pinus koraiensis radial growth, while which exhibited various growth responses at different sites of its distribution area to recent climate warming. Six Korean pine (Pinus koraiensis) tree-ring chronologies were developed in northeast Asia. Growth trends in recent decades were compared and main factors limiting growth were identified within each site. The spatio-temporal stability of climate–growth relationships were also tested for important climate variables. Results showed that temperature played a key role in controlling Korean pine growth, while recent growth showed strong geographic patterns. Tree growth in recent decades at two south and high altitude sites increased with temperature, remained constant for two low-altitude sites at its central distribution, and decreased for two moderately altitude sites at its distribution north margin. Tree-ring principle of the ecological amplitude was proved again, i.e., trees growing near the margin of its natural range has higher climate sensitivity. Drought stress due to temperature increases appeared to be a primary reason for Korean pine growth decline, whereas varying degrees of drought stress were distinctly dependent on site conditions. Variation of climate-growth relationships over time for different sites was consistent with their recent growth. Two average chronologies for six sites revealed a decreased (Heihe, Mudanjiang, and Liangshui) or inverse (Dunhua, WPS, and Wuying) growth response to rapid warming since 1980, which was possibly related to unique site conditions and various large-scale climate impacts. In addition, our results indicated that modeling possible reactions of forest to global warming or reconstructing past climate need to consider diverse spatio-temporal variations of climate-growth relationships of Korean pine in northeast Asia.</subfield></datafield><datafield tag="592" ind1=" " ind2=" "><subfield code="a">Publisher supplied data</subfield></datafield><datafield tag="593" ind1=" " ind2=" "><subfield code="a">PubAg article</subfield></datafield><datafield tag="650" ind1=" " ind2="3"><subfield code="a">Pinus koraiensis</subfield></datafield><datafield tag="650" ind1=" " ind2="3"><subfield code="a">altitude</subfield></datafield><datafield tag="650" ind1=" " ind2="3"><subfield code="a">climatic factors</subfield></datafield><datafield tag="650" ind1=" " ind2="3"><subfield code="a">decline</subfield></datafield><datafield tag="650" ind1=" " ind2="3"><subfield code="a">forests</subfield></datafield><datafield tag="650" ind1=" " ind2="3"><subfield code="a">global warming</subfield></datafield><datafield tag="650" ind1=" " ind2="3"><subfield code="a">growth rings</subfield></datafield><datafield tag="650" ind1=" " ind2="3"><subfield code="a">models</subfield></datafield><datafield tag="650" ind1=" " ind2="3"><subfield code="a">spatial variation</subfield></datafield><datafield tag="650" ind1=" " ind2="3"><subfield code="a">temperature</subfield></datafield><datafield tag="650" ind1=" " ind2="3"><subfield code="a">temporal variation</subfield></datafield><datafield tag="650" ind1=" " ind2="3"><subfield code="a">tree growth</subfield></datafield><datafield tag="650" ind1=" " ind2="3"><subfield code="a">water stress</subfield></datafield><datafield tag="651" ind1=" " ind2="3"><subfield code="a">Asia</subfield></datafield><datafield tag="700" ind1="1" ind2=" "><subfield code="a">Zhang, Minhua</subfield><subfield code="e">author</subfield></datafield><datafield tag="700" ind1="1" ind2=" "><subfield code="a">Ji, Ying</subfield><subfield code="e">author</subfield></datafield><datafield tag="700" ind1="1" ind2=" "><subfield code="a">Li, Zongshan</subfield><subfield code="e">author</subfield></datafield><datafield tag="700" ind1="1" ind2=" "><subfield code="a">Li, Mu</subfield><subfield code="e">author</subfield></datafield><datafield tag="700" ind1="1" ind2=" "><subfield code="a">Zhang, Yuandong</subfield><subfield code="e">author</subfield></datafield><datafield tag="773" ind1="0" ind2=" "><subfield code="t">Trees.</subfield><subfield code="g">2017 Apr., v. 31, no. 2 p.415-427</subfield><subfield code="d">Springer Berlin Heidelberg</subfield><subfield code="x">0931-1890</subfield><subfield code="7">nnas</subfield></datafield><datafield tag="787" ind1="1" ind2=" "><subfield code="o">islandora_article_repository</subfield></datafield><datafield tag="787" ind1="1" ind2=" "><subfield code="o">product_pubag</subfield></datafield><datafield tag="787" ind1="1" ind2=" "><subfield code="o">(Journal)jnl43090</subfield></datafield><datafield tag="856" ind1="4" ind2="0"><subfield code="u">http://dx.doi.org/10.1007/s00468-015-1341-x</subfield><subfield code="3">Available from publisher's site</subfield></datafield><datafield tag="912" ind1=" " ind2=" "><subfield code="a">Article</subfield></datafield><datafield tag="914" ind1=" " ind2=" "><subfield code="a">Journal:jnl43090</subfield><subfield code="b">0931-1890</subfield><subfield code="c">31</subfield><subfield code="d">2</subfield><subfield code="e">415</subfield></datafield><datafield tag="914" ind1=" " ind2=" "><subfield code="f">Trees</subfield></datafield><datafield tag="916" ind1=" " ind2=" "><subfield code="a">Batch:1828</subfield></datafield><datafield tag="917" ind1=" " ind2=" "><subfield code="a">issued</subfield></datafield><datafield tag="918" ind1="2" ind2=" "><subfield code="a">Springer</subfield><subfield code="e">provider</subfield><subfield code="5">DNAL</subfield></datafield><datafield tag="935" ind1=" " ind2=" "><subfield code="a">IND605754043</subfield><subfield code="9">ExL</subfield></datafield><datafield tag="949" ind1=" " ind2=" "><subfield code="a">2017-10-04</subfield></datafield><datafield tag="953" ind1=" " ind2=" "><subfield code="a">ftp_PUB_17-05-13_08-08-38.zip</subfield></datafield><datafield tag="962" ind1=" " ind2=" "><subfield code="a">Batch:1828 reviewed on 2017-10-04T15:00:02Z</subfield></datafield><datafield tag="974" ind1=" " ind2=" "><subfield code="a">agid:5754043</subfield></datafield><datafield tag="983" ind1=" " ind2=" "><subfield code="a">2017-07-28</subfield></datafield><datafield tag="984" ind1=" " ind2=" "><subfield code="a">2017-10-04</subfield></datafield></record>