<record><leader>02670nab a2200397 u 4500</leader><controlfield tag="001">9915910295107426</controlfield><controlfield tag="005">20221116145908.0</controlfield><controlfield tag="008">151025e200212 xx |||||o|||||||||||eng||</controlfield><datafield tag="" ind1="7" ind2=" "><subfield code="a">IND601245036</subfield><subfield code="2">DNAL</subfield></datafield><datafield tag="024" ind1="7" ind2=" "><subfield code="a">10.1579/0044-7447-31.7.562</subfield><subfield code="2">doi</subfield></datafield><datafield tag="035" ind1=" " ind2=" "><subfield code="a">agid:1245036-01nal_inst</subfield></datafield><datafield tag="040" ind1=" " ind2=" "><subfield code="a">AGL</subfield><subfield code="b">eng</subfield><subfield code="c">AGL</subfield></datafield><datafield tag="100" ind1="1" ind2=" "><subfield code="a">Kairo, James Gitundu</subfield><subfield code="e">author</subfield></datafield><datafield tag="245" ind1="1" ind2="0"><subfield code="a">Regeneration Status of Mangrove Forests in Mida Creek, Kenya: A Compromised or Secured Future??</subfield></datafield><datafield tag="300" ind1=" " ind2=" "><subfield code="a">p. 562-568.</subfield></datafield><datafield tag="520" ind1=" " ind2=" "><subfield code="a">The structure and regeneration patterns of Mida Creek mangrove vegetation were studied along belt transects at 2 forest sites of Mida Creek (3°°20′′S, 40°°00′′E): Uyombo and Kirepwe. Based on the species importance values, the dominant mangrove tree species in Mida were Ceriops tagal (Perr.) C. B. Robinson and Rhizophora mucronata Lamk. Tree density varied from 1197 trees ha⁻⁻¹ at Kirepwe to 1585 trees ha⁻⁻¹ at Uyombo and mean tree height was higher at the former site compared to the latter. The size-class structure at both localities of Mida showed the presence of more small trees than large ones. Spatial distribution pattern of adults and juveniles varied greatly between sites and they showed a close to uniform pattern (Morisita's Index I₀ ≪≪ 1) for trees, but a tendency to random distribution (I₀ == 1) for juveniles. The present paper shows that unmanaged but exploited mangroves do not necessarily disappear, but change qualitatively from locally preferred R. mucronata to the less preferred C. tagal. Whereas the effects of this change on the ecological function of the mangrove cannot be estimated yet, the economical function of the mangrove has evidently weakened.</subfield></datafield><datafield tag="592" ind1=" " ind2=" "><subfield code="a">Publisher supplied data</subfield></datafield><datafield tag="700" ind1="1" ind2=" "><subfield code="a">Dahdouh-Guebas, Farid</subfield><subfield code="e">author</subfield></datafield><datafield tag="700" ind1="1" ind2=" "><subfield code="a">Gwada, Patrick O.</subfield><subfield code="e">author</subfield></datafield><datafield tag="700" ind1="1" ind2=" "><subfield code="a">Ochieng, Caroline</subfield><subfield code="e">author</subfield></datafield><datafield tag="700" ind1="1" ind2=" "><subfield code="a">Koedam, Nico</subfield><subfield code="e">author</subfield></datafield><datafield tag="773" ind1="0" ind2=" "><subfield code="t">Ambio.</subfield><subfield code="g">2002 Dec., v. 31, no. 7 p.562-568</subfield><subfield code="d">Royal Swedish Academy of Sciences</subfield><subfield code="x">0044-7447</subfield><subfield code="7">nnas</subfield></datafield><datafield tag="787" ind1="1" ind2=" "><subfield code="o">islandora_article_repository</subfield></datafield><datafield tag="787" ind1="1" ind2=" "><subfield code="o">(Journal)jnl28633</subfield></datafield><datafield tag="856" ind1="4" ind2="0"><subfield code="u">http://dx.doi.org/10.1579%2F0044-7447-31.7.562</subfield><subfield code="3">Available from publisher's site</subfield></datafield><datafield tag="912" ind1=" " ind2=" "><subfield code="a">Article</subfield></datafield><datafield tag="914" ind1=" " ind2=" "><subfield code="a">Journal:jnl28633</subfield><subfield code="b">0044-7447</subfield><subfield code="c">31</subfield><subfield code="d">7</subfield><subfield code="e">562</subfield></datafield><datafield tag="914" ind1=" " ind2=" "><subfield code="f">Ambio</subfield></datafield><datafield tag="917" ind1=" " ind2=" "><subfield code="a">hold</subfield></datafield><datafield tag="918" ind1="2" ind2=" "><subfield code="a">BioOne</subfield><subfield code="e">provider</subfield><subfield code="5">DNAL</subfield></datafield><datafield tag="935" ind1=" " ind2=" "><subfield code="a">IND601245036</subfield><subfield code="9">ExL</subfield></datafield><datafield tag="953" ind1=" " ind2=" "><subfield code="a">AMBIv31i7-04281156-169402.zip</subfield></datafield><datafield tag="962" ind1=" " ind2=" "><subfield code="a">Journal title changed from 'AMBIO: A Journal of the Human Environment'</subfield></datafield><datafield tag="974" ind1=" " ind2=" "><subfield code="a">agid:1245036</subfield></datafield><datafield tag="983" ind1=" " ind2=" "><subfield code="a">2015-10-25</subfield></datafield><datafield tag="984" ind1=" " ind2=" "><subfield code="a">2015-10-25</subfield></datafield></record>