<record><leader>04644nab a2200697 u 4500</leader><controlfield tag="001">9915910845807426</controlfield><controlfield tag="005">20221116151612.0</controlfield><controlfield tag="008">201224e20201125xx |||||o|||||||||||eng||</controlfield><datafield tag="" ind1="7" ind2=" "><subfield code="a">IND607216329</subfield><subfield code="2">DNAL</subfield></datafield><datafield tag="024" ind1="7" ind2=" "><subfield code="a">10.3390/f11121248</subfield><subfield code="2">doi</subfield></datafield><datafield tag="035" ind1=" " ind2=" "><subfield code="a">agid:7216329-01nal_inst</subfield></datafield><datafield tag="040" ind1=" " ind2=" "><subfield code="a">AGL</subfield><subfield code="b">eng</subfield><subfield code="c">AGL</subfield></datafield><datafield tag="100" ind1="1" ind2=" "><subfield code="a">Wang, Xiao </subfield><subfield code="e">author</subfield></datafield><datafield tag="245" ind1="1" ind2="0"><subfield code="a">Does Shrub Encroachment Indicate Ecosystem Degradation? A Perspective Based on the Spatial Patterns of Woody Plants in a Temperate Savanna-Like Ecosystem of Inner Mongolia, China</subfield></datafield><datafield tag="500" ind1=" " ind2=" "><subfield code="a">NAL-light</subfield></datafield><datafield tag="520" ind1=" " ind2=" "><subfield code="a">Shrub encroachment, i.e., shrub emergence or an increase in woody plant cover, has been widely observed in arid and semiarid grasslands and savannas worldwide since the 2000s. However, until now, there has been a clear division of opinion regarding its ecological implications. One view is that shrub encroachment is an indicator of ecological degradation, and the other is that shrub encroachment is a sign of the restoration of degraded ecosystems. This division leads to completely different judgments about the states and transition phases of shrub-encroached ecosystems, which further affects decisions about their conservation and management. To determine whether ecosystems experiencing shrub encroachment are degrading or are in a postdegraded restoration stage, the spatial distributions and interactions of woody plants after shrub encroachment were investigated in this study. An Ulmus pumila-dominated temperate savanna-like ecosystem with significant shrub encroachment in the Otindag Sandy Land, Inner Mongolia, China, was selected as the research area, and woody plants were surveyed within a 25-hectare (500 × 500 m) plot. Spatial point pattern analysis was employed to analyze the distribution patterns of the woody plants. The results indicated different patterns for U. pumila trees, i.e., a random distribution pattern for old trees (with a diameter at breast height (DBH) of more than 20 cm) and aggregated distribution patterns for medium (5 cm ≤ DBH &lt; 20 cm) and juvenile trees (DBH &lt; 5 cm) at scales of 0–9 and 0–12 m, respectively. For most shrubs, there was significant aggregation at a scale of 0–6 m. However, there were significant negative relationships between old U. pumila trees (DBH ≥ 20 cm) and most shrub species, such as Caragana microphylla and Spiraea aquilegifolia. In contrast, there were positive relationships between juvenile trees (DBH &lt; 5 cm) and most shrub species. These results suggest that, to some extent, shrub encroachment may have disrupted the normal succession pattern in the U. pumila community in this area, and without conservation, the original tree-dominated temperate savanna-like ecosystem may continue to deteriorate and eventually become a shrub-dominated temperate savanna-like ecosystem.</subfield></datafield><datafield tag="592" ind1=" " ind2=" "><subfield code="a">Publisher supplied data</subfield></datafield><datafield tag="593" ind1=" " ind2=" "><subfield code="a">PubAg article</subfield></datafield><datafield tag="650" ind1=" " ind2="3"><subfield code="a">Caragana microphylla</subfield></datafield><datafield tag="650" ind1=" " ind2="3"><subfield code="a">Spiraea</subfield></datafield><datafield tag="650" ind1=" " ind2="3"><subfield code="a">Ulmus</subfield></datafield><datafield tag="650" ind1=" " ind2="3"><subfield code="a">administrative management</subfield></datafield><datafield tag="650" ind1=" " ind2="3"><subfield code="a">area</subfield></datafield><datafield tag="650" ind1=" " ind2="3"><subfield code="a">degradation</subfield></datafield><datafield tag="650" ind1=" " ind2="3"><subfield code="a">ecosystems</subfield></datafield><datafield tag="650" ind1=" " ind2="3"><subfield code="a">environmental degradation</subfield></datafield><datafield tag="650" ind1=" " ind2="3"><subfield code="a">forests</subfield></datafield><datafield tag="650" ind1=" " ind2="3"><subfield code="a">grasslands</subfield></datafield><datafield tag="650" ind1=" " ind2="3"><subfield code="a">juveniles</subfield></datafield><datafield tag="650" ind1=" " ind2="3"><subfield code="a">land</subfield></datafield><datafield tag="650" ind1=" " ind2="3"><subfield code="a">research</subfield></datafield><datafield tag="650" ind1=" " ind2="3"><subfield code="a">savannas</subfield></datafield><datafield tag="650" ind1=" " ind2="3"><subfield code="a">shrubs</subfield></datafield><datafield tag="650" ind1=" " ind2="3"><subfield code="a">spatial distribution</subfield></datafield><datafield tag="650" ind1=" " ind2="3"><subfield code="a">tree and stand measurements</subfield></datafield><datafield tag="650" ind1=" " ind2="3"><subfield code="a">trees</subfield></datafield><datafield tag="650" ind1=" " ind2="3"><subfield code="a">woody plants</subfield></datafield><datafield tag="651" ind1=" " ind2="3"><subfield code="a">China</subfield></datafield><datafield tag="700" ind1="1" ind2=" "><subfield code="a">Jiang, Lina </subfield><subfield code="e">author</subfield></datafield><datafield tag="700" ind1="1" ind2=" "><subfield code="a">Yang, Xiaohui </subfield><subfield code="e">author</subfield></datafield><datafield tag="700" ind1="1" ind2=" "><subfield code="a">Shi, Zhongjie </subfield><subfield code="e">author</subfield><subfield code="u">Institute of Desertification Studies, Chinese Academy of Forestry, Beijing 100091, China</subfield></datafield><datafield tag="700" ind1="1" ind2=" "><subfield code="a">Yu, Pengtao </subfield><subfield code="e">author</subfield></datafield><datafield tag="773" ind1="0" ind2=" "><subfield code="t">Forests.</subfield><subfield code="g">2020 Nov. 25, v. 11, no. 12</subfield><subfield code="d">Multidisciplinary Digital Publishing Institute</subfield><subfield code="w">Journal:2257</subfield><subfield code="x">1999-4907</subfield><subfield code="7">nnas</subfield></datafield><datafield tag="787" ind1="1" ind2=" "><subfield code="o">islandora_article_repository</subfield></datafield><datafield tag="787" ind1="1" ind2=" "><subfield code="o">product_pubag</subfield></datafield><datafield tag="787" ind1="1" ind2=" "><subfield code="o">(Journal)2257</subfield></datafield><datafield tag="856" ind1="4" ind2="0"><subfield code="u">http://dx.doi.org/10.3390/f11121248</subfield><subfield code="3">Available from publisher's site</subfield></datafield><datafield tag="912" ind1=" " ind2=" "><subfield code="a">Article</subfield></datafield><datafield tag="914" ind1=" " ind2=" "><subfield code="a">Journal:2257</subfield><subfield code="b">1999-4907</subfield><subfield code="c">11</subfield><subfield code="d">12</subfield></datafield><datafield tag="914" ind1=" " ind2=" "><subfield code="f">Forests</subfield></datafield><datafield tag="916" ind1=" " ind2=" "><subfield code="a">Batch:2644</subfield></datafield><datafield tag="917" ind1=" " ind2=" "><subfield code="a">issued</subfield></datafield><datafield tag="918" ind1="2" ind2=" "><subfield code="a">Multidisciplinary Digital Publishing Institute</subfield><subfield code="e">provider</subfield><subfield code="5">DNAL</subfield></datafield><datafield tag="935" ind1=" " ind2=" "><subfield code="a">IND607216329</subfield><subfield code="9">ExL</subfield></datafield><datafield tag="949" ind1=" " ind2=" "><subfield code="a">2021-03-01</subfield></datafield><datafield tag="953" ind1=" " ind2=" "><subfield code="a" >/data/metadata/incoming/mdpinstitute/forests-v11-i12-20201224.xml</subfield></datafield><datafield tag="954" ind1=" " ind2=" "><subfield code="a" >file:/data/metadata/staging/mdpinstitute/forests-v11-i12-20201224.xml</subfield></datafield><datafield tag="955" ind1=" " ind2=" "><subfield code="a">/data/metadata/staging/mdpinstitute/</subfield></datafield><datafield tag="974" ind1=" " ind2=" "><subfield code="a">agid:7216329</subfield></datafield><datafield tag="983" ind1=" " ind2=" "><subfield code="a">2020-12-24</subfield></datafield><datafield tag="984" ind1=" " ind2=" "><subfield code="a">2021-03-01</subfield></datafield></record>