<record><leader>05001nab a2200613 u 4500</leader><controlfield tag="001">9916329279007426</controlfield><controlfield tag="005">20221118185122.0</controlfield><controlfield tag="008">160321e20130626xx |||||o|||||||||||eng||</controlfield><datafield tag="" ind1="7" ind2=" "><subfield code="a">IND605158671</subfield><subfield code="2">DNAL</subfield></datafield><datafield tag="024" ind1="7" ind2=" "><subfield code="a">10.1139/cjfr-2013-0084</subfield><subfield code="2">doi</subfield></datafield><datafield tag="035" ind1=" " ind2=" "><subfield code="a">agid:5158671-01nal_inst</subfield></datafield><datafield tag="040" ind1=" " ind2=" "><subfield code="a">AGL</subfield><subfield code="b">eng</subfield><subfield code="c">AGL</subfield></datafield><datafield tag="100" ind1="1" ind2=" "><subfield code="a">Guo, Yili</subfield><subfield code="e">author</subfield><subfield code="u">Key Laboratory of Aquatic Botany and Watershed Ecology, Chinese Academy of Sciences, Wuhan 430074, P.R. China.</subfield></datafield><datafield tag="245" ind1="1" ind2="0"><subfield code="a">Spatial distribution of tree species in a species-rich subtropical mountain forest in central China</subfield></datafield><datafield tag="300" ind1=" " ind2=" "><subfield code="a">p. 826-835.</subfield></datafield><datafield tag="520" ind1=" " ind2=" "><subfield code="a">Inferring the processes underlying the spatial distribution patterns of tree species is fundamental for understanding species coexistence. Here, we examined spatial distribution patterns of woody plants by using the univariate pair correlation function to quantify spatial patterns of species in a fullly mapped 25 ha subtropical plot in China. We analyzed the relationships between the species attributes and spatial distribution patterns of 137 tree species with at least one individual per hectare. The results showed that aggregated distributions were the dominant pattern for species in the Badagongshan subtropical forests, and that the percentage of significantly aggregated species decreased with increasing spatial scales. Rare species were more aggregated than intermediate and abundant species, but they were more easily influenced by habitat heterogeneity. Also, there was significantly negative relationship between species abundance and species aggregation intensity. The aggregation intensity showed negative relationships to species mean diameter at breast height (DBH) and maximum DBH, i.e., species became more regularly spaced as species stature increased. Species functional traits (e.g., growth form and phenological guild) also had obvious effects on the spatial patterns of species. However, spatial patterns of tree species were not related to the dispersal mode. Our results partially conformed to the prediction that species’ attributes influenced species’ spatial patterns following similar laws, even after controlling for the effects of habitat heterogeneity. Consequently, species attributes (species abundance, mean DBH, maximal DBH, growth form, phenological guild, etc.) and habitat heterogeneity may primarily contribute to spatial patterns and species coexistence in natural forests.</subfield></datafield><datafield tag="592" ind1=" " ind2=" "><subfield code="a">Publisher supplied data</subfield></datafield><datafield tag="593" ind1=" " ind2=" "><subfield code="a">PubAg article</subfield></datafield><datafield tag="650" ind1=" " ind2="3"><subfield code="a">forests</subfield></datafield><datafield tag="650" ind1=" " ind2="3"><subfield code="a">habitats</subfield></datafield><datafield tag="650" ind1=" " ind2="3"><subfield code="a">prediction</subfield></datafield><datafield tag="650" ind1=" " ind2="3"><subfield code="a">rare species</subfield></datafield><datafield tag="650" ind1=" " ind2="3"><subfield code="a">tree and stand measurements</subfield></datafield><datafield tag="650" ind1=" " ind2="3"><subfield code="a">trees</subfield></datafield><datafield tag="650" ind1=" " ind2="3"><subfield code="a">woody plants</subfield></datafield><datafield tag="651" ind1=" " ind2="3"><subfield code="a">China</subfield></datafield><datafield tag="700" ind1="1" ind2=" "><subfield code="a">Lu, Junmeng</subfield><subfield code="e">author</subfield><subfield code="u">Key Laboratory of Aquatic Botany and Watershed Ecology, Chinese Academy of Sciences, Wuhan 430074, P.R. China.</subfield></datafield><datafield tag="700" ind1="1" ind2=" "><subfield code="a">Franklin, Scott B.</subfield><subfield code="e">author</subfield><subfield code="u">Department of Biological Sciences, University of Northern Colorado, Greeley, CO 80639, USA.</subfield></datafield><datafield tag="700" ind1="1" ind2=" "><subfield code="a">Wang, Qinggang</subfield><subfield code="e">author</subfield><subfield code="u">Key Laboratory of Aquatic Botany and Watershed Ecology, Chinese Academy of Sciences, Wuhan 430074, P.R. China.</subfield></datafield><datafield tag="700" ind1="1" ind2=" "><subfield code="a">Xu, Yaozhan</subfield><subfield code="e">author</subfield><subfield code="u">Key Laboratory of Aquatic Botany and Watershed Ecology, Chinese Academy of Sciences, Wuhan 430074, P.R. China.</subfield></datafield><datafield tag="700" ind1="1" ind2=" "><subfield code="a">Zhang, Kuihan</subfield><subfield code="e">author</subfield><subfield code="u">Key Laboratory of Aquatic Botany and Watershed Ecology, Chinese Academy of Sciences, Wuhan 430074, P.R. China.</subfield></datafield><datafield tag="700" ind1="1" ind2=" "><subfield code="a">Bao, Dachuan</subfield><subfield code="e">author</subfield><subfield code="u">Key Laboratory of Aquatic Botany and Watershed Ecology, Chinese Academy of Sciences, Wuhan 430074, P.R. China.</subfield></datafield><datafield tag="700" ind1="1" ind2=" "><subfield code="a">Qiao, Xiujuan</subfield><subfield code="e">author</subfield><subfield code="u">Key Laboratory of Aquatic Botany and Watershed Ecology, Chinese Academy of Sciences, Wuhan 430074, P.R. China.</subfield></datafield><datafield tag="700" ind1="1" ind2=" "><subfield code="a">Huang, Handong</subfield><subfield code="e">author</subfield><subfield code="u">Key Laboratory of Aquatic Botany and Watershed Ecology, Chinese Academy of Sciences, Wuhan 430074, P.R. China.</subfield></datafield><datafield tag="700" ind1="1" ind2=" "><subfield code="a">Lu, Zhijun</subfield><subfield code="e">author</subfield><subfield code="u">Key Laboratory of Aquatic Botany and Watershed Ecology, Chinese Academy of Sciences, Wuhan 430074, P.R. China.</subfield></datafield><datafield tag="700" ind1="1" ind2=" "><subfield code="a">Jiang, Mingxi</subfield><subfield code="e">author</subfield><subfield code="u">Key Laboratory of Aquatic Botany and Watershed Ecology, Chinese Academy of Sciences, Wuhan 430074, P.R. China.</subfield></datafield><datafield tag="773" ind1="0" ind2=" "><subfield code="t">Canadian journal of forest research =.</subfield><subfield code="g">2013 June 26, v. 43, no. 9 p.826-835</subfield><subfield code="d">NRC Research Press</subfield><subfield code="x">1208-6037</subfield><subfield code="7">nnas</subfield></datafield><datafield tag="787" ind1="1" ind2=" "><subfield code="o">islandora_article_repository</subfield></datafield><datafield tag="787" ind1="1" ind2=" "><subfield code="o">product_pubag</subfield></datafield><datafield tag="787" ind1="1" ind2=" "><subfield code="o">(Journal)jnl2003</subfield></datafield><datafield tag="856" ind1="4" ind2="0"><subfield code="u">http://dx.doi.org/10.1139/cjfr-2013-0084</subfield><subfield code="3">Available from publisher's site</subfield></datafield><datafield tag="912" ind1=" " ind2=" "><subfield code="a">Article</subfield></datafield><datafield tag="914" ind1=" " ind2=" "><subfield code="a">Journal:jnl2003</subfield><subfield code="b">1208-6037</subfield><subfield code="c">43</subfield><subfield code="d">9</subfield><subfield code="e">826</subfield></datafield><datafield tag="914" ind1=" " ind2=" "><subfield code="f">Canadian journal of forest research =</subfield></datafield><datafield tag="916" ind1=" " ind2=" "><subfield code="a">Batch:1389</subfield></datafield><datafield tag="917" ind1=" " ind2=" "><subfield code="a">issued</subfield></datafield><datafield tag="918" ind1="2" ind2=" "><subfield code="a">NRC Canada</subfield><subfield code="e">provider</subfield><subfield code="5">DNAL</subfield></datafield><datafield tag="935" ind1=" " ind2=" "><subfield code="a">IND605158671</subfield><subfield code="9">ExL</subfield></datafield><datafield tag="949" ind1=" " ind2=" "><subfield code="a">2-08-22</subfield></datafield><datafield tag="953" ind1=" " ind2=" "><subfield code="a">CJFRv43i9-09061624-394708.zip</subfield></datafield><datafield tag="962" ind1=" " ind2=" "><subfield code="a">Batch:1389 reviewed on 2-08-22T13:00:02Z</subfield></datafield><datafield tag="974" ind1=" " ind2=" "><subfield code="a">agid:5158671</subfield></datafield><datafield tag="983" ind1=" " ind2=" "><subfield code="a">2-03-21</subfield></datafield><datafield tag="984" ind1=" " ind2=" "><subfield code="a">2-08-22</subfield></datafield></record>