<record><leader>03781nab a2200625 u 4500</leader><controlfield tag="001">9916329282507426</controlfield><controlfield tag="005">20221118185113.0</controlfield><controlfield tag="008">160321e20130624xx |||||o|||||||||||eng||</controlfield><datafield tag="" ind1="7" ind2=" "><subfield code="a">IND605158676</subfield><subfield code="2">DNAL</subfield></datafield><datafield tag="024" ind1="7" ind2=" "><subfield code="a">10.1139/cjfr-2013-0139</subfield><subfield code="2">doi</subfield></datafield><datafield tag="035" ind1=" " ind2=" "><subfield code="a">agid:5158676-01nal_inst</subfield></datafield><datafield tag="040" ind1=" " ind2=" "><subfield code="a">AGL</subfield><subfield code="b">eng</subfield><subfield code="c">AGL</subfield></datafield><datafield tag="100" ind1="1" ind2=" "><subfield code="a">Silver, Emily J.</subfield><subfield code="e">author</subfield><subfield code="u">Department of Forest Resources, University of Minnesota, St. Paul, MN 55108, USA.</subfield></datafield><datafield tag="245" ind1="1" ind2="0"><subfield code="a">Long-term mortality rates and spatial patterns in an old-growth Pinus resinosa forest</subfield></datafield><datafield tag="300" ind1=" " ind2=" "><subfield code="a">p. 809-816.</subfield></datafield><datafield tag="520" ind1=" " ind2=" "><subfield code="a">Understanding natural mortality patterns and processes of forest tree species is increasingly important given projected changes in mortality owing to global change. With this need in mind, the rate and spatial pattern of mortality was assessed over an 89-year period in a natural-origin Pinus resinosa (Aiton)-dominated system to assess these processes through advanced stages of stand development (stand age 120–209 years). Average annual mortality rates fluctuated through time, yet were within the range reported in other studies (0.60%–3.88% depending on species and sampling interval). Tree mortality was attributed to multiple agents, including the senescence of the short-lived Pinus banksiana Lamb., windthrow, root-rot fungi (Armillaria ostoyae (Romagn.) Herink), and perhaps infrequent droughts. Despite the often contagious nature of many disturbance agents, the overall spatial pattern of mortality events (the arrangement of dead trees within the fixed initial population of live trees) was random at all scales tested. Similarly, the current spatial pattern of dead trees was predominantly random, despite clustering at small scales (2–4 m). These findings underscore the importance of studying mortality rates, agents, and spatial patterns over long time periods to avoid misinterpreting stochastic mortality events, and their influence on longer term stand structure and development.</subfield></datafield><datafield tag="592" ind1=" " ind2=" "><subfield code="a">Publisher supplied data</subfield></datafield><datafield tag="593" ind1=" " ind2=" "><subfield code="a">PubAg article</subfield></datafield><datafield tag="650" ind1=" " ind2="3"><subfield code="a">Armillaria ostoyae</subfield></datafield><datafield tag="650" ind1=" " ind2="3"><subfield code="a">Pinus banksiana</subfield></datafield><datafield tag="650" ind1=" " ind2="3"><subfield code="a">Pinus resinosa</subfield></datafield><datafield tag="650" ind1=" " ind2="3"><subfield code="a">dead wood</subfield></datafield><datafield tag="650" ind1=" " ind2="3"><subfield code="a">drought</subfield></datafield><datafield tag="650" ind1=" " ind2="3"><subfield code="a">forest trees</subfield></datafield><datafield tag="650" ind1=" " ind2="3"><subfield code="a">forests</subfield></datafield><datafield tag="650" ind1=" " ind2="3"><subfield code="a">fungi</subfield></datafield><datafield tag="650" ind1=" " ind2="3"><subfield code="a">global change</subfield></datafield><datafield tag="650" ind1=" " ind2="3"><subfield code="a">mortality</subfield></datafield><datafield tag="650" ind1=" " ind2="3"><subfield code="a">root rot</subfield></datafield><datafield tag="650" ind1=" " ind2="3"><subfield code="a">stand structure</subfield></datafield><datafield tag="650" ind1=" " ind2="3"><subfield code="a">tree mortality</subfield></datafield><datafield tag="650" ind1=" " ind2="3"><subfield code="a">windthrow</subfield></datafield><datafield tag="700" ind1="1" ind2=" "><subfield code="a">Fraver, Shawn</subfield><subfield code="e">author</subfield><subfield code="u">Department of Forest Resources, University of Minnesota, St. Paul, MN 55108, USA.</subfield></datafield><datafield tag="700" ind1="1" ind2=" "><subfield code="a">D’Amato, Anthony W.</subfield><subfield code="e">author</subfield><subfield code="u">Department of Forest Resources, University of Minnesota, St. Paul, MN 55108, USA.</subfield></datafield><datafield tag="700" ind1="1" ind2=" "><subfield code="a">Aakala, Tuomas</subfield><subfield code="e">author</subfield><subfield code="u">Department of Forest Sciences, P.O. Box 27, FI-00014, University of Helsinki, Finland.</subfield></datafield><datafield tag="700" ind1="1" ind2=" "><subfield code="a">Palik, Brian J.</subfield><subfield code="e">author</subfield><subfield code="u">Northern Research Station, USDA Forest Service, Grand Rapids, MN 55744, USA.</subfield></datafield><datafield tag="773" ind1="0" ind2=" "><subfield code="t">Canadian journal of forest research.</subfield><subfield code="g">2013 June 24, v. 43, no. 9 p.809-816</subfield><subfield code="d">NRC Research Press</subfield><subfield code="w">Journal:jnl2003</subfield><subfield code="x">0045-5067</subfield><subfield code="7">nnas</subfield></datafield><datafield tag="787" ind1="1" ind2=" "><subfield code="o">islandora_article_repository</subfield></datafield><datafield tag="787" ind1="1" ind2=" "><subfield code="o">product_pubag</subfield></datafield><datafield tag="787" ind1="1" ind2=" "><subfield code="o">(Journal)jnl2003</subfield></datafield><datafield tag="856" ind1="4" ind2="0"><subfield code="u">http://dx.doi.org/10.1139/cjfr-2013-0139</subfield><subfield code="3">Available from publisher's site</subfield></datafield><datafield tag="912" ind1=" " ind2=" "><subfield code="a">Article</subfield></datafield><datafield tag="914" ind1=" " ind2=" "><subfield code="a">Journal:jnl2003</subfield><subfield code="b">1208-6037</subfield><subfield code="c">43</subfield><subfield code="d">9</subfield><subfield code="e">809</subfield></datafield><datafield tag="914" ind1=" " ind2=" "><subfield code="f">Canadian journal of forest research</subfield></datafield><datafield tag="916" ind1=" " ind2=" "><subfield code="a">Batch:1389</subfield></datafield><datafield tag="917" ind1=" " ind2=" "><subfield code="a">issued</subfield></datafield><datafield tag="918" ind1="2" ind2=" "><subfield code="a">NRC Canada</subfield><subfield code="e">provider</subfield><subfield code="5">DNAL</subfield></datafield><datafield tag="935" ind1=" " ind2=" "><subfield code="a">IND605158676</subfield><subfield code="9">ExL</subfield></datafield><datafield tag="949" ind1=" " ind2=" "><subfield code="a">2-08-22</subfield></datafield><datafield tag="953" ind1=" " ind2=" "><subfield code="a">CJFRv43i9-09061624-394708.zip</subfield></datafield><datafield tag="961" ind1=" " ind2=" "><subfield code="a">USDA/FS</subfield></datafield><datafield tag="962" ind1=" " ind2=" "><subfield code="a">Batch:1389 reviewed on 2-08-22T13:00:02Z</subfield></datafield><datafield tag="974" ind1=" " ind2=" "><subfield code="a">agid:5158676</subfield></datafield><datafield tag="983" ind1=" " ind2=" "><subfield code="a">2-03-21</subfield></datafield><datafield tag="984" ind1=" " ind2=" "><subfield code="a">2019-05-06</subfield></datafield></record>