<record><leader>03734nab a2200637 u 4500</leader><controlfield tag="001">9916329311207426</controlfield><controlfield tag="005">20221118185522.0</controlfield><controlfield tag="008">160321e20131118xx |||||o|||||||||||eng||</controlfield><datafield tag="" ind1="7" ind2=" "><subfield code="a">IND605158741</subfield><subfield code="2">DNAL</subfield></datafield><datafield tag="024" ind1="7" ind2=" "><subfield code="a">10.1139/cjfr-2013-0089</subfield><subfield code="2">doi</subfield></datafield><datafield tag="035" ind1=" " ind2=" "><subfield code="a">agid:5158741-01nal_inst</subfield></datafield><datafield tag="040" ind1=" " ind2=" "><subfield code="a">AGL</subfield><subfield code="b">eng</subfield><subfield code="c">AGL</subfield></datafield><datafield tag="100" ind1="1" ind2=" "><subfield code="a">Hughes, Josie S.</subfield><subfield code="e">author</subfield><subfield code="u">Department of Ecology and Evolutionary Biology, University of Toronto 25 Harbord St. Toronto, ON M5S 3G5, Canada.</subfield></datafield><datafield tag="245" ind1="1" ind2="0"><subfield code="a">Pollen cone production in jack pine: spatial and temporal patterns subject to natural disturbance by the jack pine budworm</subfield></datafield><datafield tag="300" ind1=" " ind2=" "><subfield code="a">p. 195-211.</subfield></datafield><datafield tag="520" ind1=" " ind2=" "><subfield code="a">Patterns of jack pine (Pinus banksiana Lambert) pollen cone production are of interest because they may help explain jack pine budworm (Choristoneura pinus pinus Freeman) outbreak patterns. We used generalized linear mixed models to analyze pollen cone production in 180 permanent plots in Ontario, Canada between 1992 and 2008. Pollen cone production increased with stand age, and large trees in sparsely-populated stands produced more pollen cones. Defoliation decreased the propensity of trees to produce pollen cones for at least two years. We also identified important patterns that are not explained by defoliation and stand characteristics. Pollen cone production is spatially synchronized among years, trees in central Ontario produced more pollen cones than trees in northwestern Ontario, and background cone production increased over time in the central region but not in more northwestern plots. Synchronized reproduction is common among tree species, but has not previously been noted for jack pine pollen cones. Increasing cone production in central Ontario may be evidence of changing forest and (or) climatic conditions and deserves further investigation. Our model can be used to quantitatively predict pollen cone production and assess the risk of jack pine budworm defoliation.</subfield></datafield><datafield tag="592" ind1=" " ind2=" "><subfield code="a">Publisher supplied data</subfield></datafield><datafield tag="593" ind1=" " ind2=" "><subfield code="a">PubAg article</subfield></datafield><datafield tag="650" ind1=" " ind2="3"><subfield code="a">Choristoneura pinus</subfield></datafield><datafield tag="650" ind1=" " ind2="3"><subfield code="a">Pinus banksiana</subfield></datafield><datafield tag="650" ind1=" " ind2="3"><subfield code="a">climatic factors</subfield></datafield><datafield tag="650" ind1=" " ind2="3"><subfield code="a">defoliation</subfield></datafield><datafield tag="650" ind1=" " ind2="3"><subfield code="a">forests</subfield></datafield><datafield tag="650" ind1=" " ind2="3"><subfield code="a">models</subfield></datafield><datafield tag="650" ind1=" " ind2="3"><subfield code="a">pollen</subfield></datafield><datafield tag="650" ind1=" " ind2="3"><subfield code="a">reproduction</subfield></datafield><datafield tag="650" ind1=" " ind2="3"><subfield code="a">risk</subfield></datafield><datafield tag="650" ind1=" " ind2="3"><subfield code="a">stand characteristics</subfield></datafield><datafield tag="650" ind1=" " ind2="3"><subfield code="a">trees</subfield></datafield><datafield tag="651" ind1=" " ind2="3"><subfield code="a">Ontario</subfield></datafield><datafield tag="653" ind1=" " ind2="0"><subfield code="a">Choristoneura pinus pinus</subfield></datafield><datafield tag="653" ind1=" " ind2="0"><subfield code="a">Pinus banksiana</subfield></datafield><datafield tag="653" ind1=" " ind2="0"><subfield code="a">population dynamics</subfield></datafield><datafield tag="653" ind1=" " ind2="0"><subfield code="a">spatial synchrony</subfield></datafield><datafield tag="653" ind1=" " ind2="0"><subfield code="a">insect plant interactions</subfield></datafield><datafield tag="700" ind1="1" ind2=" "><subfield code="a">Fortin, Marie-Josée</subfield><subfield code="e">author</subfield><subfield code="u">Department of Ecology and Evolutionary Biology, University of Toronto 25 Harbord St. Toronto, ON M5S 3G5, Canada.</subfield></datafield><datafield tag="700" ind1="1" ind2=" "><subfield code="a">Nealis, Vince</subfield><subfield code="e">author</subfield><subfield code="u">Pacific Forestry Centre, 506 Burnside Road West Victoria, BC V8Z 1M5, Canada.</subfield></datafield><datafield tag="700" ind1="1" ind2=" "><subfield code="a">Régnière, Jacques</subfield><subfield code="e">author</subfield><subfield code="u">Laurentian Forestry Centre. 1055 Du P.E.P.S. Street, P.O. Box 10380, Québec, QC G1V 4C7, Canada.</subfield></datafield><datafield tag="773" ind1="0" ind2=" "><subfield code="t">Canadian journal of forest research =.</subfield><subfield code="g">2013 Nov. 18, v. 44, no. 3 p.195-211</subfield><subfield code="d">NRC Research Press</subfield><subfield code="x">1208-6037</subfield><subfield code="7">nnas</subfield></datafield><datafield tag="787" ind1="1" ind2=" "><subfield code="o">islandora_article_repository</subfield></datafield><datafield tag="787" ind1="1" ind2=" "><subfield code="o">product_pubag</subfield></datafield><datafield tag="787" ind1="1" ind2=" "><subfield code="o">(Journal)jnl2003</subfield></datafield><datafield tag="856" ind1="4" ind2="0"><subfield code="u">http://dx.doi.org/10.1139/cjfr-2013-0089</subfield><subfield code="3">Available from publisher's site</subfield></datafield><datafield tag="912" ind1=" " ind2=" "><subfield code="a">Article</subfield></datafield><datafield tag="914" ind1=" " ind2=" "><subfield code="a">Journal:jnl2003</subfield><subfield code="b">1208-6037</subfield><subfield code="c">44</subfield><subfield code="d">3</subfield><subfield code="e">195</subfield></datafield><datafield tag="914" ind1=" " ind2=" "><subfield code="f">Canadian journal of forest research =</subfield></datafield><datafield tag="916" ind1=" " ind2=" "><subfield code="a">Batch:1389</subfield></datafield><datafield tag="917" ind1=" " ind2=" "><subfield code="a">issued</subfield></datafield><datafield tag="918" ind1="2" ind2=" "><subfield code="a">NRC Canada</subfield><subfield code="e">provider</subfield><subfield code="5">DNAL</subfield></datafield><datafield tag="935" ind1=" " ind2=" "><subfield code="a">IND605158741</subfield><subfield code="9">ExL</subfield></datafield><datafield tag="949" ind1=" " ind2=" "><subfield code="a">2-08-22</subfield></datafield><datafield tag="953" ind1=" " ind2=" "><subfield code="a">CJFRv44i3-02250633-425213.zip</subfield></datafield><datafield tag="962" ind1=" " ind2=" "><subfield code="a">Batch:1389 reviewed on 2-08-22T13:00:02Z</subfield></datafield><datafield tag="974" ind1=" " ind2=" "><subfield code="a">agid:5158741</subfield></datafield><datafield tag="983" ind1=" " ind2=" "><subfield code="a">2-03-21</subfield></datafield><datafield tag="984" ind1=" " ind2=" "><subfield code="a">2-08-22</subfield></datafield></record>