<record><leader>03289nab a2200541 u 4500</leader><controlfield tag="001">9916329319807426</controlfield><controlfield tag="005">20221118185443.0</controlfield><controlfield tag="008">160321e20140102xx |||||o|||||||||||eng||</controlfield><datafield tag="" ind1="7" ind2=" "><subfield code="a">IND605158752</subfield><subfield code="2">DNAL</subfield></datafield><datafield tag="024" ind1="7" ind2=" "><subfield code="a">10.1139/cjfr-2013-0288</subfield><subfield code="2">doi</subfield></datafield><datafield tag="035" ind1=" " ind2=" "><subfield code="a">agid:5158752-01nal_inst</subfield></datafield><datafield tag="040" ind1=" " ind2=" "><subfield code="a">AGL</subfield><subfield code="b">eng</subfield><subfield code="c">AGL</subfield></datafield><datafield tag="100" ind1="1" ind2=" "><subfield code="a">Magnussen, Steen</subfield><subfield code="e">author</subfield><subfield code="u">Canadian Forest Service, Pacific Forestry Centre, 506 West Burnside Rd., Victoria, BC V8Z 1M5, Canada.</subfield></datafield><datafield tag="245" ind1="1" ind2="0"><subfield code="a">Robust fixed-count density estimation with virtual plots</subfield></datafield><datafield tag="300" ind1=" " ind2=" "><subfield code="a">p. 377-382.</subfield></datafield><datafield tag="520" ind1=" " ind2=" "><subfield code="a">Fixed-count sampling (plotless) remains attractive for forest inventories in difficult terrains and for their control of the number (k) of trees to measure. Although recent fixed-count estimators of density (PDE) are less biased than older ones, the risk of a nontrivial bias remains a deterrent. A recently published PDE based on a generic algorithm for predicting distances to the k+ m nearest tree (m = 1, 2, ...) has attractive properties in terms of average bias and average root mean squared errors across a wide spectrum of spatial point patterns. However, the risk of a sizeable bias remains an issue. Sensitivity to spatial patterns is seen as its main weakness. It is hypothesized that a new PDE with robust properties will mitigate the bias issue and encourage wider use. To this end, a new PDE estimator is proposed. It builds on a mixture of observed and predicted distances to a set of k+ m nearest trees to generate counts of actual and virtual trees inside a circle with a data-driven fixed radius. The proposed new robust fixed-count density estimator achieved an average absolute bias of 1.2% when tested across a wide range of point patterns (54 actual and four simulated). The maximum absolute bias was 4.4%, a significant reduction when compared with otherwise attractive alternative PDEs. Root mean squared errors and coverage of 95% confidence intervals were also encouraging. The deterrent bias issue in PDEs has been sharply reduced with the proposed estimator.</subfield></datafield><datafield tag="592" ind1=" " ind2=" "><subfield code="a">Publisher supplied data</subfield></datafield><datafield tag="593" ind1=" " ind2=" "><subfield code="a">PubAg article</subfield></datafield><datafield tag="650" ind1=" " ind2="3"><subfield code="a">algorithms</subfield></datafield><datafield tag="650" ind1=" " ind2="3"><subfield code="a">confidence interval</subfield></datafield><datafield tag="650" ind1=" " ind2="3"><subfield code="a">forest inventory</subfield></datafield><datafield tag="650" ind1=" " ind2="3"><subfield code="a">prediction</subfield></datafield><datafield tag="650" ind1=" " ind2="3"><subfield code="a">risk</subfield></datafield><datafield tag="650" ind1=" " ind2="3"><subfield code="a">trees</subfield></datafield><datafield tag="653" ind1=" " ind2="0"><subfield code="a">plotless sampling</subfield></datafield><datafield tag="653" ind1=" " ind2="0"><subfield code="a">k-tree sampling</subfield></datafield><datafield tag="653" ind1=" " ind2="0"><subfield code="a">stem density</subfield></datafield><datafield tag="653" ind1=" " ind2="0"><subfield code="a">forest inventory</subfield></datafield><datafield tag="653" ind1=" " ind2="0"><subfield code="a">point pattern</subfield></datafield><datafield tag="653" ind1=" " ind2="0"><subfield code="a">Pareto type I distribution</subfield></datafield><datafield tag="773" ind1="0" ind2=" "><subfield code="t">Canadian journal of forest research =.</subfield><subfield code="g">2014 Jan. 2, v. 44, no. 4 p.377-382</subfield><subfield code="d">NRC Research Press</subfield><subfield code="x">1208-6037</subfield><subfield code="7">nnas</subfield></datafield><datafield tag="787" ind1="1" ind2=" "><subfield code="o">islandora_article_repository</subfield></datafield><datafield tag="787" ind1="1" ind2=" "><subfield code="o">product_pubag</subfield></datafield><datafield tag="787" ind1="1" ind2=" "><subfield code="o">(Journal)jnl2003</subfield></datafield><datafield tag="856" ind1="4" ind2="0"><subfield code="u">http://dx.doi.org/10.1139/cjfr-2013-0288</subfield><subfield code="3">Available from publisher's site</subfield></datafield><datafield tag="912" ind1=" " ind2=" "><subfield code="a">Article</subfield></datafield><datafield tag="914" ind1=" " ind2=" "><subfield code="a">Journal:jnl2003</subfield><subfield code="b">1208-6037</subfield><subfield code="c">44</subfield><subfield code="d">4</subfield><subfield code="e">377</subfield></datafield><datafield tag="914" ind1=" " ind2=" "><subfield code="f">Canadian journal of forest research =</subfield></datafield><datafield tag="916" ind1=" " ind2=" "><subfield code="a">Batch:1389</subfield></datafield><datafield tag="917" ind1=" " ind2=" "><subfield code="a">issued</subfield></datafield><datafield tag="918" ind1="2" ind2=" "><subfield code="a">NRC Canada</subfield><subfield code="e">provider</subfield><subfield code="5">DNAL</subfield></datafield><datafield tag="935" ind1=" " ind2=" "><subfield code="a">IND605158752</subfield><subfield code="9">ExL</subfield></datafield><datafield tag="949" ind1=" " ind2=" "><subfield code="a">2-08-22</subfield></datafield><datafield tag="953" ind1=" " ind2=" "><subfield code="a">CJFRv44i4-03240556-426566.zip</subfield></datafield><datafield tag="962" ind1=" " ind2=" "><subfield code="a">Batch:1389 reviewed on 2-08-22T13:00:02Z</subfield></datafield><datafield tag="974" ind1=" " ind2=" "><subfield code="a">agid:5158752</subfield></datafield><datafield tag="983" ind1=" " ind2=" "><subfield code="a">2-03-21</subfield></datafield><datafield tag="984" ind1=" " ind2=" "><subfield code="a">2-08-22</subfield></datafield></record>