<record><leader>04146nab a2200601 u 4500</leader><controlfield tag="001">9916329460407426</controlfield><controlfield tag="005">20221118185003.0</controlfield><controlfield tag="008">170626e200208 dcu|||||o|||||||||||eng||</controlfield><datafield tag="" ind1="7" ind2=" "><subfield code="a">IND23292008</subfield><subfield code="2">DNAL</subfield></datafield><datafield tag="024" ind1="7" ind2=" "><subfield code="a">10.1890/0012-9658(2002)083[2315:COVRFS]2.0.CO;2</subfield><subfield code="2">doi</subfield></datafield><datafield tag="035" ind1=" " ind2=" "><subfield code="a">agid:1942373-01nal_inst</subfield></datafield><datafield tag="040" ind1=" " ind2=" "><subfield code="a">AGL</subfield><subfield code="b">eng</subfield><subfield code="c">AGL</subfield></datafield><datafield tag="100" ind1="1" ind2=" "><subfield code="a">De Steven, Diane</subfield><subfield code="e">author</subfield><subfield code="u">Department of Biological Sciences, University of Wisconsin, Milwaukee, Wisconsin 53201 USA</subfield></datafield><datafield tag="245" ind1="1" ind2="0"><subfield code="a">Consequences of variable reproduction for seedling recruitment in three neotropical tree species</subfield></datafield><datafield tag="300" ind1=" " ind2=" "><subfield code="a">p. 2315-2327.</subfield></datafield><datafield tag="500" ind1=" " ind2=" "><subfield code="a">JOURNAL ARTICLE</subfield></datafield><datafield tag="520" ind1=" " ind2=" "><subfield code="a">Variable seed production may have important consequences for recruitment but is poorly documented for frugivore‐dispersed tropical trees. Recruitment limitation may also be a critical spatial process affecting forest dynamics, but it is rarely assessed at the scale of individual trees. Over an 11‐yr period, we studied the consequences of variable seed production for initial seedling recruitment in three shade‐tolerant tree species (Quararibea asterolepis, Tetragastris panamensis, and Trichilia tuberculata) on Barro Colorado Island, Panama. We measured annual seed production for a permanent sample of focal trees and censused annual new seedling establishment within a restricted dispersal neighborhood of each tree. We analyzed temporal and spatial variability in recruitment and compared recruitment limitations among species. Annual seed production in Quararibea and Tetragastris fluctuated widely, whereas Trichilia had more consistent seed production across years. Within species, trees were synchronized in seed production, and synchrony appeared partly influenced by El Niño climatic events. Seedling recruitment varied temporally and spatially. At the population scale, all species had greater recruitment in productive seed years, and individual trees had differing contributions to this temporal pattern. At the focal‐tree scale, recruitment patterns differed among species. Quararibea and Tetragastris trees with higher average seed production recruited more seedlings in their local neighborhoods than did less fecund trees. In contrast, Trichilia seedling recruitment did not increase with seed crop size, suggesting negative density dependence. At the tree neighborhood scale, no species showed evidence of density dependence in first‐year survival. Comparatively, recruitment was more seed‐limited in Quararibea and Tetragastris and more establishment‐limited in Trichilia. Overall, our results indicated that: (1) variable seed production influenced seedling recruitment both temporally and spatially, and (2) species differed in limitations to recruitment.</subfield></datafield><datafield tag="592" ind1=" " ind2=" "><subfield code="a">Publisher supplied data</subfield></datafield><datafield tag="593" ind1=" " ind2=" "><subfield code="a">PubAg article</subfield></datafield><datafield tag="650" ind1=" " ind2="3"><subfield code="a">El Nino</subfield></datafield><datafield tag="650" ind1=" " ind2="3"><subfield code="a">Neotropics</subfield></datafield><datafield tag="650" ind1=" " ind2="3"><subfield code="a">Quararibea asterolepis</subfield></datafield><datafield tag="650" ind1=" " ind2="3"><subfield code="a">Trichilia</subfield></datafield><datafield tag="650" ind1=" " ind2="3"><subfield code="a">forests</subfield></datafield><datafield tag="650" ind1=" " ind2="3"><subfield code="a">islands</subfield></datafield><datafield tag="650" ind1=" " ind2="3"><subfield code="a">plant establishment</subfield></datafield><datafield tag="650" ind1=" " ind2="3"><subfield code="a">reproduction</subfield></datafield><datafield tag="650" ind1=" " ind2="3"><subfield code="a">seedlings</subfield></datafield><datafield tag="650" ind1=" " ind2="3"><subfield code="a">shade tolerance</subfield></datafield><datafield tag="650" ind1=" " ind2="3"><subfield code="a">species recruitment</subfield></datafield><datafield tag="650" ind1=" " ind2="3"><subfield code="a">trees</subfield></datafield><datafield tag="651" ind1=" " ind2="3"><subfield code="a">Panama</subfield></datafield><datafield tag="700" ind1="1" ind2=" "><subfield code="a">Wright, S. Joseph</subfield><subfield code="e">author</subfield><subfield code="u">Smithsonian Tropical Research Institute, Apartado 2072, Balboa, Ancon, Republic of Panama</subfield></datafield><datafield tag="773" ind1="0" ind2=" "><subfield code="t">Ecology.</subfield><subfield code="g">2002 Aug., v. 83, no. 8 p.2315-2327</subfield><subfield code="d">Ecological Society of America</subfield><subfield code="x">0012-9658</subfield><subfield code="7">nnas</subfield></datafield><datafield tag="787" ind1="1" ind2=" "><subfield code="o">islandora_article_repository</subfield></datafield><datafield tag="787" ind1="1" ind2=" "><subfield code="o">product_pubag</subfield></datafield><datafield tag="787" ind1="1" ind2=" "><subfield code="o">(Journal)jnl46164</subfield></datafield><datafield tag="852" ind1=" " ind2=" "><subfield code="a">DNAL</subfield></datafield><datafield tag="856" ind1="4" ind2="0"><subfield code="u" >http://dx.doi.org/10.1890/0012-9658(2002)083%5B2315:COVRFS%5D2.0.CO;2</subfield><subfield code="3">Available from publisher's site</subfield></datafield><datafield tag="912" ind1=" " ind2=" "><subfield code="a">Article</subfield></datafield><datafield tag="914" ind1=" " ind2=" "><subfield code="a">Journal:jnl46164</subfield></datafield><datafield tag="914" ind1=" " ind2=" "><subfield code="f">Ecology</subfield></datafield><datafield tag="916" ind1=" " ind2=" "><subfield code="a">Batch:1791</subfield></datafield><datafield tag="917" ind1=" " ind2=" "><subfield code="a">issued</subfield></datafield><datafield tag="918" ind1="2" ind2=" "><subfield code="a">John Wiley &amp; Sons, Inc</subfield><subfield code="e">provider</subfield><subfield code="5">DNAL</subfield></datafield><datafield tag="935" ind1=" " ind2=" "><subfield code="a">IND23292008</subfield><subfield code="9">ExL</subfield></datafield><datafield tag="949" ind1=" " ind2=" "><subfield code="a">2017-08-18</subfield></datafield><datafield tag="953" ind1=" " ind2=" "><subfield code="a">00129658_2002_83_8.xml</subfield></datafield><datafield tag="962" ind1=" " ind2=" "><subfield code="a">Batch:1791 reviewed on 2017-08-18T04:00:02Z</subfield></datafield><datafield tag="974" ind1=" " ind2=" "><subfield code="a">agid:1942373</subfield></datafield><datafield tag="983" ind1=" " ind2=" "><subfield code="a">2017-06-26</subfield></datafield><datafield tag="984" ind1=" " ind2=" "><subfield code="a">2017-08-18</subfield></datafield><datafield tag="986" ind1=" " ind2=" "><subfield code="a">3555706</subfield></datafield></record>