<record><leader>05807nab a2200781 u 4500</leader><controlfield tag="001">9916329542607426</controlfield><controlfield tag="005">20221118185317.0</controlfield><controlfield tag="008">161030e199911 dcu|||||o|||||||||||eng||</controlfield><datafield tag="" ind1="7" ind2=" "><subfield code="a">IND22018243</subfield><subfield code="2">DNAL</subfield></datafield><datafield tag="024" ind1="7" ind2=" "><subfield code="a">10.1890/0012-9615(1999)069[0513:FOCSRA]2.0.CO;2</subfield><subfield code="2">doi</subfield></datafield><datafield tag="035" ind1=" " ind2=" "><subfield code="a">agid:1942288-01nal_inst</subfield></datafield><datafield tag="040" ind1=" " ind2=" "><subfield code="a">AGL</subfield><subfield code="b">eng</subfield><subfield code="c">AGL</subfield></datafield><datafield tag="100" ind1="1" ind2=" "><subfield code="a">Weltzin, Jake F.</subfield><subfield code="e">author</subfield><subfield code="u">School of Renewable Natural Resources, University of Arizona, Tucson, Arizona 85721 USA</subfield></datafield><datafield tag="245" ind1="1" ind2="0"><subfield code="a">Facilitation of conspecific seedling recruitment and shifts in temperate savanna ecotones</subfield></datafield><datafield tag="300" ind1=" " ind2=" "><subfield code="a">p. 513-534.</subfield></datafield><datafield tag="500" ind1=" " ind2=" "><subfield code="a">JOURNAL ARTICLE</subfield></datafield><datafield tag="520" ind1=" " ind2=" "><subfield code="a">In contrast to documented increases in woody plant dominance of savannas and grasslands of North America, oak (Quercus L.) savannas that form lower tree lines in the southwestern United States and northwestern Mexico have been stable over the last several centuries. We sought to identify potential biotic and abiotic constraints on seedling recruitment of Quercus emoryi within the context of potential shifts in lower tree line. We used field surveys to describe seedling distribution at and below lower tree line, and to determine the potential for acorn dispersal from lower tree line into adjacent grassland. Field and greenhouse experiments were used to test explanatory hypotheses generated by descriptive surveys. Q. emoryi seedlings were located almost exclusively beneath mature, conspecific tree canopies within the woodland and savanna and were absent from adjacent semidesert grassland in 1993 and 1995. Seed bank surveys indicated that acorns were concentrated beneath tree canopies and were dispersed into adjacent grassland in low numbers. Although soil N, C, and P were about two times greater beneath trees than in adjacent grassland, experimental nutrient amendments to subcanopy and grassland soils indicated that soil nutrients did not limit Q. emoryi growth. Reciprocal transfers of subcanopy and grassland soil to subcanopy and grassland microsites indicated that microsite was more important than soil source for seedling growth. Overstory shade was important at all stages of seedling development investigated: the provision of artificial or natural shade increased rates of seedling emergence and subsequent survival as much as 19‐fold and increased recruitment rates between 30‐ and 60‐fold. We conclude that rates of Q. emoryi recruitment within grasslands below tree line are relatively low and are constrained by low rates of seed dispersal coupled with a low probability of seedling emergence. In contrast, large numbers of acorns are dispersed directly beneath Q. emoryi trees, where they have a higher probability of emergence than in adjacent grassland. Survival rates of emerged seedlings were low, regardless of landscape position. Thus, observed patterns of seedling distribution on the landscape resulted from interactions between seed dispersal and habitat‐specific response of seedlings to environmental variation. Results of this and complementary research suggest that the lower tree line in southern Arizona is stabilized by self‐enhancing feedback mechanisms of overstory shade, seed dispersal, and seedling establishment, coupled with strong abiotic constraints beyond the current ecotone. These processes stabilize the woodland–grassland ecotone both spatially and temporally, consistent with Wilson and Agnew's one‐sided positive feedback switch. Although this switch would not produce an indefinitely stable vegetation mosaic, upslope or downslope shifts in lower tree line are apparently resistant to decadal or even century‐scale climatic perturbation. The observed shift in tree line in the last millennium was less likely the result of slow, spatial progression of autogenic safe sites than the result of episodic and infrequent allogenic processes that simulated or negated the importance of conspecific, biogenic safe sites.</subfield></datafield><datafield tag="592" ind1=" " ind2=" "><subfield code="a">Publisher supplied data</subfield></datafield><datafield tag="593" ind1=" " ind2=" "><subfield code="a">PubAg article</subfield></datafield><datafield tag="650" ind1=" " ind2="3"><subfield code="a">Quercus emoryi</subfield></datafield><datafield tag="650" ind1=" " ind2="3"><subfield code="a">canopy</subfield></datafield><datafield tag="650" ind1=" " ind2="3"><subfield code="a">ecotones</subfield></datafield><datafield tag="650" ind1=" " ind2="3"><subfield code="a">fruits</subfield></datafield><datafield tag="650" ind1=" " ind2="3"><subfield code="a">grassland soils</subfield></datafield><datafield tag="650" ind1=" " ind2="3"><subfield code="a">grasslands</subfield></datafield><datafield tag="650" ind1=" " ind2="3"><subfield code="a">greenhouse experimentation</subfield></datafield><datafield tag="650" ind1=" " ind2="3"><subfield code="a">landscape position</subfield></datafield><datafield tag="650" ind1=" " ind2="3"><subfield code="a">landscapes</subfield></datafield><datafield tag="650" ind1=" " ind2="3"><subfield code="a">overstory</subfield></datafield><datafield tag="650" ind1=" " ind2="3"><subfield code="a">plant establishment</subfield></datafield><datafield tag="650" ind1=" " ind2="3"><subfield code="a">probability</subfield></datafield><datafield tag="650" ind1=" " ind2="3"><subfield code="a">savannas</subfield></datafield><datafield tag="650" ind1=" " ind2="3"><subfield code="a">seed dispersal</subfield></datafield><datafield tag="650" ind1=" " ind2="3"><subfield code="a">seedling emergence</subfield></datafield><datafield tag="650" ind1=" " ind2="3"><subfield code="a">seedling growth</subfield></datafield><datafield tag="650" ind1=" " ind2="3"><subfield code="a">seedlings</subfield></datafield><datafield tag="650" ind1=" " ind2="3"><subfield code="a">shade</subfield></datafield><datafield tag="650" ind1=" " ind2="3"><subfield code="a">soil nutrients</subfield></datafield><datafield tag="650" ind1=" " ind2="3"><subfield code="a">species recruitment</subfield></datafield><datafield tag="650" ind1=" " ind2="3"><subfield code="a">surveys</subfield></datafield><datafield tag="650" ind1=" " ind2="3"><subfield code="a">survival rate</subfield></datafield><datafield tag="650" ind1=" " ind2="3"><subfield code="a">treeline</subfield></datafield><datafield tag="650" ind1=" " ind2="3"><subfield code="a">trees</subfield></datafield><datafield tag="650" ind1=" " ind2="3"><subfield code="a">woodlands</subfield></datafield><datafield tag="650" ind1=" " ind2="3"><subfield code="a">woody plants</subfield></datafield><datafield tag="651" ind1=" " ind2="3"><subfield code="a">Arizona</subfield></datafield><datafield tag="651" ind1=" " ind2="3"><subfield code="a">Mexico</subfield></datafield><datafield tag="700" ind1="1" ind2=" "><subfield code="a">McPherson, Guy R.</subfield><subfield code="e">author</subfield><subfield code="u">School of Renewable Natural Resources, University of Arizona, Tucson, Arizona 85721 USA</subfield></datafield><datafield tag="773" ind1="0" ind2=" "><subfield code="t">Ecological monographs.</subfield><subfield code="g">1999 Nov., v. 69, no. 4 p.513-534</subfield><subfield code="d">Ecological Society of America</subfield><subfield code="x">0012-9615</subfield><subfield code="7">nnas</subfield></datafield><datafield tag="787" ind1="1" ind2=" "><subfield code="o">islandora_article_repository</subfield></datafield><datafield tag="787" ind1="1" ind2=" "><subfield code="o">product_pubag</subfield></datafield><datafield tag="787" ind1="1" ind2=" "><subfield code="o">(Journal)19342</subfield></datafield><datafield tag="852" ind1=" " ind2=" "><subfield code="a">DNAL</subfield></datafield><datafield tag="856" ind1="4" ind2="0"><subfield code="u" >http://dx.doi.org/10.1890/0012-9615(1999)069%5B0513:FOCSRA%5D2.0.CO;2</subfield><subfield code="3">Available from publisher's site</subfield></datafield><datafield tag="912" ind1=" " ind2=" "><subfield code="a">Article</subfield></datafield><datafield tag="914" ind1=" " ind2=" "><subfield code="a">Journal:19342</subfield></datafield><datafield tag="914" ind1=" " ind2=" "><subfield code="f">Ecological monographs</subfield></datafield><datafield tag="916" ind1=" " ind2=" "><subfield code="a">Batch:2277</subfield></datafield><datafield tag="917" ind1=" " ind2=" "><subfield code="a">issued</subfield></datafield><datafield tag="918" ind1="2" ind2=" "><subfield code="a">John Wiley &amp; Sons, Inc</subfield><subfield code="e">provider</subfield><subfield code="5">DNAL</subfield></datafield><datafield tag="935" ind1=" " ind2=" "><subfield code="a">IND22018243</subfield><subfield code="9">ExL</subfield></datafield><datafield tag="949" ind1=" " ind2=" "><subfield code="a">2019-08-16</subfield></datafield><datafield tag="953" ind1=" " ind2=" "><subfield code="a">00129615_1999_69_4.xml</subfield></datafield><datafield tag="962" ind1=" " ind2=" "><subfield code="a">Batch:2277 reviewed on 2019-08-16T14:00:05Z</subfield></datafield><datafield tag="974" ind1=" " ind2=" "><subfield code="a">agid:1942288</subfield></datafield><datafield tag="983" ind1=" " ind2=" "><subfield code="a">2-10-30</subfield></datafield><datafield tag="984" ind1=" " ind2=" "><subfield code="a">2019-08-16</subfield></datafield><datafield tag="986" ind1=" " ind2=" "><subfield code="a">3374848</subfield></datafield></record>