<record><leader>03984nab a2200553 u 4500</leader><controlfield tag="001">9916330191007426</controlfield><controlfield tag="005">20221118194934.0</controlfield><controlfield tag="008">150810e201109 xx |||||o|||||||||||eng||</controlfield><datafield tag="" ind1="7" ind2=" "><subfield code="a">IND44844123</subfield><subfield code="2">DNAL</subfield></datafield><datafield tag="024" ind1="7" ind2=" "><subfield code="a">10.1/S1671-2927(11)60136-3</subfield><subfield code="2">doi</subfield></datafield><datafield tag="035" ind1=" " ind2=" "><subfield code="a">agid:70188-01nal_inst</subfield></datafield><datafield tag="040" ind1=" " ind2=" "><subfield code="a">AGL</subfield><subfield code="b">eng</subfield><subfield code="c">AGL</subfield></datafield><datafield tag="100" ind1="1" ind2=" "><subfield code="a">HAN, Ning</subfield><subfield code="e">author</subfield><subfield code="u">Institute of Remote Sensing and Information System Application, College of Environment and Resource Science, Zhejiang University, Hangzhou 310029, P.R. China; School of Environment and Resource, Zhejiang Agriculture and Forestry University, Hangzhou 311300, P.R. China</subfield></datafield><datafield tag="245" ind1="1" ind2="0"><subfield code="a">NDVI-Based Lacunarity Texture for Improving Identification of Torreya Using Object-Oriented Method</subfield></datafield><datafield tag="300" ind1=" " ind2=" "><subfield code="a">p. 1431-1444.</subfield></datafield><datafield tag="520" ind1=" " ind2=" "><subfield code="a">Normalized Difference Vegetation Index (NDVI) is a very useful feature for differentiating vegetation and non-vegetation in remote sensed imagery. In the light of the function of NDVI and the spatial patterns of the vegetation landscapes, we proposed the lacunarity texture derived from NDVI to characterize the spatial patterns of vegetation landscapes concerning the “gappiness” or “emptiness” characteristics. The NDVI-based lacunarity texture was incorporated into object-oriented classification for improving the identification of vegetation categories, especially Torreya which was the targeted tree species in the present research. A three-level hierarchical network of image objects was defined and the proposed texture was integrated as potential sources of information in the rules base. A knowledge base of rules created by classifier C5.0 indicated that the texture could potentially be applied in object-oriented classification. It was found that the addition of such texture improved the identification of every vegetation category. The results demonstrated that the texture could characterize the spatial patterns of vegetation structures, which could be a promising approach for vegetation identification.</subfield></datafield><datafield tag="592" ind1=" " ind2=" "><subfield code="a">Publisher supplied data</subfield></datafield><datafield tag="593" ind1=" " ind2=" "><subfield code="a">PubAg article</subfield></datafield><datafield tag="650" ind1=" " ind2="3"><subfield code="a">Torreya</subfield></datafield><datafield tag="650" ind1=" " ind2="3"><subfield code="a">image analysis</subfield></datafield><datafield tag="650" ind1=" " ind2="3"><subfield code="a">information sources</subfield></datafield><datafield tag="650" ind1=" " ind2="3"><subfield code="a">landscapes</subfield></datafield><datafield tag="650" ind1=" " ind2="3"><subfield code="a">remote sensing</subfield></datafield><datafield tag="650" ind1=" " ind2="3"><subfield code="a">trees</subfield></datafield><datafield tag="650" ind1=" " ind2="3"><subfield code="a">vegetation cover</subfield></datafield><datafield tag="700" ind1="1" ind2=" "><subfield code="a">WU, Jing</subfield><subfield code="e">author</subfield><subfield code="u">Institute of Remote Sensing and Information System Application, College of Environment and Resource Science, Zhejiang University, Hangzhou 310029, P.R. China</subfield></datafield><datafield tag="700" ind1="1" ind2=" "><subfield code="a">Tahmassebi, Amir Reza Shah</subfield><subfield code="e">author</subfield><subfield code="u">Institute of Remote Sensing and Information System Application, College of Environment and Resource Science, Zhejiang University, Hangzhou 310029, P.R. China</subfield></datafield><datafield tag="700" ind1="1" ind2=" "><subfield code="a">XU, Hong-wei</subfield><subfield code="e">author</subfield><subfield code="u">Institute of Remote Sensing and Information System Application, College of Environment and Resource Science, Zhejiang University, Hangzhou 310029, P.R. China</subfield></datafield><datafield tag="700" ind1="1" ind2=" "><subfield code="a">WANG, Ke</subfield><subfield code="e">author</subfield><subfield code="u">Institute of Remote Sensing and Information System Application, College of Environment and Resource Science, Zhejiang University, Hangzhou 310029, P.R. China</subfield></datafield><datafield tag="773" ind1="0" ind2=" "><subfield code="t">Agricultural sciences in China.</subfield><subfield code="g">2011 Sept., v. 10, no. 9 p.1431-1444</subfield><subfield code="d">Elsevier B.V.</subfield><subfield code="x">1671-2927</subfield><subfield code="7">nnas</subfield></datafield><datafield tag="787" ind1="1" ind2=" "><subfield code="o">islandora_article_repository</subfield></datafield><datafield tag="787" ind1="1" ind2=" "><subfield code="o">product_pubag</subfield></datafield><datafield tag="787" ind1="1" ind2=" "><subfield code="o">(Journal)jnl4044874</subfield></datafield><datafield tag="856" ind1="4" ind2="0"><subfield code="u">http://dx.doi.org/10.1/S1671-2927(11)60136-3</subfield><subfield code="3">Available from publisher's site</subfield></datafield><datafield tag="912" ind1=" " ind2=" "><subfield code="a">Article</subfield></datafield><datafield tag="914" ind1=" " ind2=" "><subfield code="a">Journal:jnl4044874</subfield><subfield code="b">1671-2927</subfield><subfield code="c">10</subfield><subfield code="d">9</subfield><subfield code="e">1431</subfield></datafield><datafield tag="914" ind1=" " ind2=" "><subfield code="f">Agricultural sciences in China</subfield></datafield><datafield tag="916" ind1=" " ind2=" "><subfield code="a">Batch:635</subfield></datafield><datafield tag="917" ind1=" " ind2=" "><subfield code="a">issued</subfield></datafield><datafield tag="918" ind1="2" ind2=" "><subfield code="a">Elsevier B.V.</subfield><subfield code="e">provider</subfield><subfield code="5">DNAL</subfield></datafield><datafield tag="935" ind1=" " ind2=" "><subfield code="a">IND44844123</subfield><subfield code="9">ExL</subfield></datafield><datafield tag="949" ind1=" " ind2=" "><subfield code="a">2014-09-12</subfield></datafield><datafield tag="953" ind1=" " ind2=" "><subfield code="a">NAL265171292700100009.xml</subfield></datafield><datafield tag="962" ind1=" " ind2=" "><subfield code="a">Batch:635 annotated on 2014-09-02T13:55:57Z</subfield></datafield><datafield tag="962" ind1=" " ind2=" "><subfield code="a">Batch:635 reviewed on 2014-09-12T11:00:02Z</subfield></datafield><datafield tag="962" ind1=" " ind2=" "><subfield code="a">Batch:635 reviewed on 2014-09-12T16:00:02Z</subfield></datafield><datafield tag="974" ind1=" " ind2=" "><subfield code="a">agid:70188</subfield></datafield><datafield tag="983" ind1=" " ind2=" "><subfield code="a">2015-08-10</subfield></datafield><datafield tag="984" ind1=" " ind2=" "><subfield code="a">2015-08-10</subfield></datafield></record>