<record><leader>04730nab a2200733 u 4500</leader><controlfield tag="001">9916331008007426</controlfield><controlfield tag="005">20221118124407.0</controlfield><controlfield tag="008">190318e201308 xx |||||o|||||||||||eng||</controlfield><datafield tag="" ind1="7" ind2=" "><subfield code="a">IND601141483</subfield><subfield code="2">DNAL</subfield></datafield><datafield tag="024" ind1="7" ind2=" "><subfield code="a">10.1/j.soilbio.2013.03.028</subfield><subfield code="2">doi</subfield></datafield><datafield tag="035" ind1=" " ind2=" "><subfield code="a">agid:1141483-01nal_inst</subfield></datafield><datafield tag="040" ind1=" " ind2=" "><subfield code="a">AGL</subfield><subfield code="b">eng</subfield><subfield code="c">AGL</subfield></datafield><datafield tag="100" ind1="1" ind2=" "><subfield code="a">McIntosh, Anne C.S.</subfield><subfield code="e">author</subfield></datafield><datafield tag="245" ind1="1" ind2="0"><subfield code="a">Linkages between the forest floor microbial community and resource heterogeneity within mature lodgepole pine forests</subfield></datafield><datafield tag="300" ind1=" " ind2=" "><subfield code="a">p. 61-72.</subfield></datafield><datafield tag="520" ind1=" " ind2=" "><subfield code="a">Below-ground microbial communities are influenced by a wide variety of above and below-ground abiotic and biotic factors. Thus, variation in properties, such as vegetation composition and cover, litter cover, soil pH, and nutrient availability likely influence their structure and composition. Examining microbial community variation within forests dominated by just a single tree species provides insights into the factors, other than dominant tree species, that influence the structure and function of below-ground microbial communities at the within-stand scale. In this study we examined fine scale (within-stand) patterns in microbial communities within mature lodgepole pine forests, and their relationships with abiotic and biotic factors. Specifically, the existence of fine-scale microbial structure (using phospholipid fatty acids – PLFAs) and function (using respiration of multiple carbon substrates – MSIR) community types; which PLFAs and carbon substrates were indicators of these, and which above- and below-ground properties and processes were related to these community types. At 108 sampling points in 12 0.48-ha plots abundance of understory plants, canopy tree size and cover, downed wood biomass, forest floor thickness, litter cover, pH, decomposition rate, available soil nutrients, microbial PLFAs and MSIR were assessed. Cluster and indicator species analysis revealed four fine-scale structural (PLFA) and four functional (MSIR) microbial community types. The biotic and abiotic variables measured had low explanatory power for describing the MSIR communities but high explanatory power for describing the PLFA communities. The main factors contributing to the separation of the structural (PLFA) microbial community types were understory plant species. Our findings suggest that the spatial partitioning of understory plant species and their rhizosphere resources (e.g., root exudates, nutrients) creates heterogeneity that influences the patterns of variation in below-ground microbial communities, in particular the microbial structure.</subfield></datafield><datafield tag="592" ind1=" " ind2=" "><subfield code="a">Publisher supplied data</subfield></datafield><datafield tag="593" ind1=" " ind2=" "><subfield code="a">PubAg article</subfield></datafield><datafield tag="650" ind1=" " ind2="3"><subfield code="a">Pinus contorta var. latifolia</subfield></datafield><datafield tag="650" ind1=" " ind2="3"><subfield code="a">biomass</subfield></datafield><datafield tag="650" ind1=" " ind2="3"><subfield code="a">botanical composition</subfield></datafield><datafield tag="650" ind1=" " ind2="3"><subfield code="a">canopy</subfield></datafield><datafield tag="650" ind1=" " ind2="3"><subfield code="a">carbon</subfield></datafield><datafield tag="650" ind1=" " ind2="3"><subfield code="a">coniferous forests</subfield></datafield><datafield tag="650" ind1=" " ind2="3"><subfield code="a">forest litter</subfield></datafield><datafield tag="650" ind1=" " ind2="3"><subfield code="a">indicator species</subfield></datafield><datafield tag="650" ind1=" " ind2="3"><subfield code="a">microbial communities</subfield></datafield><datafield tag="650" ind1=" " ind2="3"><subfield code="a">nutrient availability</subfield></datafield><datafield tag="650" ind1=" " ind2="3"><subfield code="a">nutrients</subfield></datafield><datafield tag="650" ind1=" " ind2="3"><subfield code="a">phospholipid fatty acids</subfield></datafield><datafield tag="650" ind1=" " ind2="3"><subfield code="a">rhizosphere</subfield></datafield><datafield tag="650" ind1=" " ind2="3"><subfield code="a">root exudates</subfield></datafield><datafield tag="650" ind1=" " ind2="3"><subfield code="a">soil nutrients</subfield></datafield><datafield tag="650" ind1=" " ind2="3"><subfield code="a">soil pH</subfield></datafield><datafield tag="650" ind1=" " ind2="3"><subfield code="a">trees</subfield></datafield><datafield tag="650" ind1=" " ind2="3"><subfield code="a">understory</subfield></datafield><datafield tag="650" ind1=" " ind2="3"><subfield code="a">wood</subfield></datafield><datafield tag="653" ind1=" " ind2="0"><subfield code="a">Community-level physiological profiling (CLPP)</subfield></datafield><datafield tag="653" ind1=" " ind2="0"><subfield code="a">Phospholipid fatty acid analysis (PLFA)</subfield></datafield><datafield tag="653" ind1=" " ind2="0"><subfield code="a">Pinus contorta</subfield></datafield><datafield tag="653" ind1=" " ind2="0"><subfield code="a">Above-ground below-ground interactions</subfield></datafield><datafield tag="653" ind1=" " ind2="0"><subfield code="a">Ecosystem properties and processes</subfield></datafield><datafield tag="653" ind1=" " ind2="0"><subfield code="a">Multiple carbon-source substrate-induced respiration (MSIR)</subfield></datafield><datafield tag="700" ind1="1" ind2=" "><subfield code="a">Macdonald, S. Ellen</subfield><subfield code="e">author</subfield><subfield code="u">Department of Renewable Resources, GSB 751, University of Alberta, Edmonton, AB T6G 2H1, Canada</subfield></datafield><datafield tag="700" ind1="1" ind2=" "><subfield code="a">Quideau, Sylvie A.</subfield><subfield code="e">author</subfield><subfield code="u">Department of Renewable Resources, GSB 751, University of Alberta, Edmonton, AB T6G 2H1, Canada</subfield></datafield><datafield tag="773" ind1="0" ind2=" "><subfield code="t">Soil biology &amp; biochemistry.</subfield><subfield code="g">2013 Aug., v. 63 p.61-72</subfield><subfield code="d">Elsevier Ltd</subfield><subfield code="w">Journal:jnl124</subfield><subfield code="x">0038-0717</subfield><subfield code="7">nnas</subfield></datafield><datafield tag="787" ind1="1" ind2=" "><subfield code="o">islandora_article_repository</subfield></datafield><datafield tag="787" ind1="1" ind2=" "><subfield code="o">product_pubag</subfield></datafield><datafield tag="787" ind1="1" ind2=" "><subfield code="o">(Journal)jnl124</subfield></datafield><datafield tag="856" ind1="4" ind2="0"><subfield code="u">https://dx.doi.org/10.1/j.soilbio.2013.03.028</subfield><subfield code="3">Available from publisher's site</subfield></datafield><datafield tag="912" ind1=" " ind2=" "><subfield code="a">Article</subfield></datafield><datafield tag="914" ind1=" " ind2=" "><subfield code="a">Journal:jnl124</subfield><subfield code="b">0038-0717</subfield><subfield code="c">63</subfield><subfield code="e">61</subfield></datafield><datafield tag="914" ind1=" " ind2=" "><subfield code="f">Soil biology &amp; biochemistry</subfield></datafield><datafield tag="916" ind1=" " ind2=" "><subfield code="a">Batch:729</subfield></datafield><datafield tag="917" ind1=" " ind2=" "><subfield code="a">issued</subfield></datafield><datafield tag="918" ind1="2" ind2=" "><subfield code="a">Elsevier Consyn</subfield><subfield code="e">provider</subfield><subfield code="5">DNAL</subfield></datafield><datafield tag="935" ind1=" " ind2=" "><subfield code="a">IND601141483</subfield><subfield code="9">ExL</subfield></datafield><datafield tag="949" ind1=" " ind2=" "><subfield code="a">2019-03-18</subfield></datafield><datafield tag="953" ind1=" " ind2=" "><subfield code="a">/data/metadata/incoming/consyn/46-2-00017-HEAD-ONLY.zip</subfield></datafield><datafield tag="954" ind1=" " ind2=" "><subfield code="a">file:/data/metadata/staging/consyn/S0038071713001247.xml</subfield></datafield><datafield tag="955" ind1=" " ind2=" "><subfield code="a">/data/metadata/staging/consyn/</subfield></datafield><datafield tag="974" ind1=" " ind2=" "><subfield code="a">agid:1141483</subfield></datafield><datafield tag="983" ind1=" " ind2=" "><subfield code="a">2019-03-18</subfield></datafield><datafield tag="984" ind1=" " ind2=" "><subfield code="a">2019-03-18</subfield></datafield></record>