<record><leader>03970nab a2200613 u 4500</leader><controlfield tag="001">9916331816307426</controlfield><controlfield tag="005">20221118133514.0</controlfield><controlfield tag="008">180619e201703 xx |||||o|||||||||||eng||</controlfield><datafield tag="" ind1="7" ind2=" "><subfield code="a">IND605748727</subfield><subfield code="2">DNAL</subfield></datafield><datafield tag="024" ind1="7" ind2=" "><subfield code="a">10.1007/s13595--0613-y</subfield><subfield code="2">doi</subfield></datafield><datafield tag="035" ind1=" " ind2=" "><subfield code="a">agid:5748727-01nal_inst</subfield></datafield><datafield tag="040" ind1=" " ind2=" "><subfield code="a">AGL</subfield><subfield code="b">eng</subfield><subfield code="c">AGL</subfield></datafield><datafield tag="100" ind1="1" ind2=" "><subfield code="a">Hartmann, FélixP.</subfield><subfield code="e">author</subfield><subfield code="u">LERFoB, INRA, AgroParisTech, 54000, Nancy, France</subfield></datafield><datafield tag="245" ind1="1" ind2="0"><subfield code="a">Modelling wood formation and structure: power and limits of a morphogenetic gradient in controlling xylem cell proliferation and growth</subfield></datafield><datafield tag="300" ind1=" " ind2=" "><subfield code="a">p. 14.</subfield></datafield><datafield tag="520" ind1=" " ind2=" "><subfield code="a">KEY MESSAGE : The emergence of the characteristic tree-ring pattern during xylogenesis is commonly thought to be controlled by a gradient of morphogen (auxin, TDIF peptide...). We show that this hypothesis accounts for several developmental aspects of wood formation, but not for the final anatomical structure. CONTEXT : Wood formation is a dynamic cellular process displaying three generic features: (i) meristematic cell proliferation is restricted to the small cambial zone, preventing exponential xylem radial growth along the growing season; (ii) developmental processes result in a stable zonation of the developing xylem; (iii) the resulting mature wood cells form the typical tree-ring structure made of early and late wood with a gradient of cell sizes, an important trait for wood functioning in trees and for lumber quality. The mechanisms producing these spatial-temporal patterns remain largely unknown. According to the often-cited morphogenetic-gradient hypothesis, a graded concentration profile of a signalling molecule (e.g. auxin, TDIF) controls xylogenesis by providing positional information to differentiating cells. AIMS : We assessed the predictions of the morphogenetic-gradient theory. METHODS : We developed a computational model of wood formation implementing hypotheses on how a morphogen flows through the developing xylem and controls cell division and growth and we tested it against data produced by studies monitoring wood formation in conifers. RESULTS : We demonstrated that a morphogenetic gradient could indeed control xylem radial growth and wood-forming tissue zonation. However, it failed to explain the pattern of final cell sizes observed in tree-rings. We discussed the features that candidate additional regulatory mechanisms should meet.</subfield></datafield><datafield tag="592" ind1=" " ind2=" "><subfield code="a">Publisher supplied data</subfield></datafield><datafield tag="593" ind1=" " ind2=" "><subfield code="a">PubAg article</subfield></datafield><datafield tag="650" ind1=" " ind2="3"><subfield code="a">auxins</subfield></datafield><datafield tag="650" ind1=" " ind2="3"><subfield code="a">cambium</subfield></datafield><datafield tag="650" ind1=" " ind2="3"><subfield code="a">cell division</subfield></datafield><datafield tag="650" ind1=" " ind2="3"><subfield code="a">cell proliferation</subfield></datafield><datafield tag="650" ind1=" " ind2="3"><subfield code="a">conifers</subfield></datafield><datafield tag="650" ind1=" " ind2="3"><subfield code="a">growing season</subfield></datafield><datafield tag="650" ind1=" " ind2="3"><subfield code="a">growth rings</subfield></datafield><datafield tag="650" ind1=" " ind2="3"><subfield code="a">lumber</subfield></datafield><datafield tag="650" ind1=" " ind2="3"><subfield code="a">models</subfield></datafield><datafield tag="650" ind1=" " ind2="3"><subfield code="a">monitoring</subfield></datafield><datafield tag="650" ind1=" " ind2="3"><subfield code="a">prediction</subfield></datafield><datafield tag="650" ind1=" " ind2="3"><subfield code="a">trees</subfield></datafield><datafield tag="650" ind1=" " ind2="3"><subfield code="a">wood</subfield></datafield><datafield tag="650" ind1=" " ind2="3"><subfield code="a">wood quality</subfield></datafield><datafield tag="700" ind1="1" ind2=" "><subfield code="a">K. Rathgeber, CyrilleB.</subfield><subfield code="e">author</subfield><subfield code="u">LERFoB, INRA, AgroParisTech, 54000, Nancy, France</subfield></datafield><datafield tag="700" ind1="1" ind2=" "><subfield code="a">Fournier, Meriem</subfield><subfield code="e">author</subfield><subfield code="u">LERFoB, INRA, AgroParisTech, 54000, Nancy, France</subfield></datafield><datafield tag="700" ind1="1" ind2=" "><subfield code="a">Moulia, Bruno</subfield><subfield code="e">author</subfield><subfield code="u">INRA, UMR 547 PIAF, 63100, Clermont-Ferrand, France. bruno.moulia@inra.fr</subfield></datafield><datafield tag="773" ind1="0" ind2=" "><subfield code="t">Annals of forest science.</subfield><subfield code="g">2017 Mar., v. 74, no. 1 p.14-14</subfield><subfield code="d">Springer Paris</subfield><subfield code="w">Journal:2137</subfield><subfield code="x">1286-4560</subfield><subfield code="7">nnas</subfield></datafield><datafield tag="787" ind1="1" ind2=" "><subfield code="o">islandora_article_repository</subfield></datafield><datafield tag="787" ind1="1" ind2=" "><subfield code="o">product_pubag</subfield></datafield><datafield tag="787" ind1="1" ind2=" "><subfield code="o">(Journal)2137</subfield></datafield><datafield tag="856" ind1="4" ind2="0"><subfield code="u">https://dx.doi.org/10.1007/s13595--0613-y</subfield><subfield code="3">Available from publisher's site</subfield></datafield><datafield tag="912" ind1=" " ind2=" "><subfield code="a">Article</subfield></datafield><datafield tag="914" ind1=" " ind2=" "><subfield code="a">Journal:2137</subfield><subfield code="b">1286-4560</subfield><subfield code="c">74</subfield><subfield code="d">1</subfield><subfield code="e">14</subfield></datafield><datafield tag="914" ind1=" " ind2=" "><subfield code="f">Annals of forest science</subfield></datafield><datafield tag="916" ind1=" " ind2=" "><subfield code="a">Batch:1939</subfield></datafield><datafield tag="917" ind1=" " ind2=" "><subfield code="a">issued</subfield></datafield><datafield tag="918" ind1="2" ind2=" "><subfield code="a">Springer</subfield><subfield code="e">provider</subfield><subfield code="5">DNAL</subfield></datafield><datafield tag="935" ind1=" " ind2=" "><subfield code="a">IND605748727</subfield><subfield code="9">ExL</subfield></datafield><datafield tag="949" ind1=" " ind2=" "><subfield code="a">2018-06-19</subfield></datafield><datafield tag="953" ind1=" " ind2=" "><subfield code="a">/data/metadata/incoming/springer/ftp_PUB_18-03-09_06-08-34.zip</subfield></datafield><datafield tag="954" ind1=" " ind2=" "><subfield code="a">file:/data/metadata/staging/springer/13595-74-1.xml</subfield></datafield><datafield tag="955" ind1=" " ind2=" "><subfield code="a">/data/metadata/staging/springer/</subfield></datafield><datafield tag="974" ind1=" " ind2=" "><subfield code="a">agid:5748727</subfield></datafield><datafield tag="983" ind1=" " ind2=" "><subfield code="a">2018-06-19</subfield></datafield><datafield tag="984" ind1=" " ind2=" "><subfield code="a">2018-06-19</subfield></datafield></record>