<record><leader>04148nab a2200601 u 4500</leader><controlfield tag="001">9916331822407426</controlfield><controlfield tag="005">20221118133855.0</controlfield><controlfield tag="008">190701e20181007xx |||||o|||||||||||eng||</controlfield><datafield tag="" ind1="7" ind2=" "><subfield code="a">IND606488766</subfield><subfield code="2">DNAL</subfield></datafield><datafield tag="024" ind1="7" ind2=" "><subfield code="a">10.3390/f9100615</subfield><subfield code="2">doi</subfield></datafield><datafield tag="035" ind1=" " ind2=" "><subfield code="a">agid:6488766-01nal_inst</subfield></datafield><datafield tag="040" ind1=" " ind2=" "><subfield code="a">AGL</subfield><subfield code="b">eng</subfield><subfield code="c">AGL</subfield></datafield><datafield tag="100" ind1="1" ind2=" "><subfield code="a">Nguyen, Hong Hai</subfield><subfield code="e">author</subfield></datafield><datafield tag="245" ind1="1" ind2="0"><subfield code="a">Spatial Association and Diversity of Dominant Tree Species in Tropical Rainforest, Vietnam</subfield></datafield><datafield tag="520" ind1=" " ind2=" "><subfield code="a">Explaining the high diversity of tree species in tropical forests remains a persistent challenge in ecology. The analysis of spatial patterns of different species and their spatial diversity captures the spatial variation of species behaviors from a &amp;lsquo;plant&amp;rsquo;s eye view&amp;rsquo; of a forest community. To measure scale-dependent species-species interactions and species diversity at neighborhood scales, we applied uni- and bivariate pair correlation functions and individual species area relationships (ISARs) to two fully mapped 2-ha plots of tropical evergreen forests in north-central Vietnam. The results showed that (1) positive conspecific interactions dominated at scales smaller than 30 m in both plots, while weak negative interactions were only observed in P2 at scales larger than 30 m; (2) low numbers of non-neutral interactions between tree species were observed in both study plots. The effect of scale separation by habitat variability on heterospecific association was observed at scales up to 30 m; (3) the dominance of diversity accumulators, the species with more diversity in local neighborhoods than expected by the null model, occurred at small scales, while diversity repellers, the species with less diversity in local neighborhoods, were more frequent on larger scales. Overall, the significant heterospecific interactions revealed by our study were common in highly diverse tropical forests. Conspecific distribution patterns were mainly regulated by topographic variation at local neighborhood scales within 30 m. Moreover, ISARs were also affected by habitat segregation and species diversity patterns occurring at small neighborhood scales. Mixed effects of limited dispersal, functional equivalence, and habitat variability could drive spatial patterns of tree species in this study. For further studies, the effects of topographical variables on tree species associations and their spatial autocorrelations with forest stand properties should be considered for a comprehensive assessment.</subfield></datafield><datafield tag="592" ind1=" " ind2=" "><subfield code="a">Publisher supplied data</subfield></datafield><datafield tag="593" ind1=" " ind2=" "><subfield code="a">PubAg article</subfield></datafield><datafield tag="650" ind1=" " ind2="3"><subfield code="a">autocorrelation</subfield></datafield><datafield tag="650" ind1=" " ind2="3"><subfield code="a">forest stands</subfield></datafield><datafield tag="650" ind1=" " ind2="3"><subfield code="a">habitats</subfield></datafield><datafield tag="650" ind1=" " ind2="3"><subfield code="a">models</subfield></datafield><datafield tag="650" ind1=" " ind2="3"><subfield code="a">spatial variation</subfield></datafield><datafield tag="650" ind1=" " ind2="3"><subfield code="a">species diversity</subfield></datafield><datafield tag="650" ind1=" " ind2="3"><subfield code="a">topography</subfield></datafield><datafield tag="650" ind1=" " ind2="3"><subfield code="a">trees</subfield></datafield><datafield tag="650" ind1=" " ind2="3"><subfield code="a">tropical evergreen forests</subfield></datafield><datafield tag="650" ind1=" " ind2="3"><subfield code="a">tropical rain forests</subfield></datafield><datafield tag="651" ind1=" " ind2="3"><subfield code="a">Vietnam</subfield></datafield><datafield tag="700" ind1="1" ind2=" "><subfield code="a">Erfanifard, Yousef</subfield><subfield code="e">author</subfield></datafield><datafield tag="700" ind1="1" ind2=" "><subfield code="a">Pham, Van Dien</subfield><subfield code="e">author</subfield></datafield><datafield tag="700" ind1="1" ind2=" "><subfield code="a">Le, Xuan Truong</subfield><subfield code="e">author</subfield></datafield><datafield tag="700" ind1="1" ind2=" "><subfield code="a">Bui, The Doi</subfield><subfield code="e">author</subfield></datafield><datafield tag="700" ind1="1" ind2=" "><subfield code="a">Petritan, Ion Catalin</subfield><subfield code="e">author</subfield><subfield code="u">Transilvania University, Sirul Beethoven 1, ROU-500123 Brasov, Romania. petritan@unitbv.ro</subfield></datafield><datafield tag="773" ind1="0" ind2=" "><subfield code="t">Forests.</subfield><subfield code="g">2018 Oct. 07, v. 9, no. 10</subfield><subfield code="d">Multidisciplinary Digital Publishing Institute</subfield><subfield code="w">Journal:2257</subfield><subfield code="x">1999-4907</subfield><subfield code="7">nnas</subfield></datafield><datafield tag="787" ind1="1" ind2=" "><subfield code="o">islandora_article_repository</subfield></datafield><datafield tag="787" ind1="1" ind2=" "><subfield code="o">product_pubag</subfield></datafield><datafield tag="787" ind1="1" ind2=" "><subfield code="o">(Journal)2257</subfield></datafield><datafield tag="856" ind1="4" ind2="0"><subfield code="u">http://dx.doi.org/10.3390/f9100615</subfield><subfield code="3">Available from publisher's site</subfield></datafield><datafield tag="912" ind1=" " ind2=" "><subfield code="a">Article</subfield></datafield><datafield tag="914" ind1=" " ind2=" "><subfield code="a">Journal:2257</subfield><subfield code="b">1999-4907</subfield><subfield code="c">9</subfield><subfield code="d">10</subfield></datafield><datafield tag="914" ind1=" " ind2=" "><subfield code="f">Forests</subfield></datafield><datafield tag="916" ind1=" " ind2=" "><subfield code="a">Batch:2278</subfield></datafield><datafield tag="917" ind1=" " ind2=" "><subfield code="a">issued</subfield></datafield><datafield tag="918" ind1="2" ind2=" "><subfield code="a">Multidisciplinary Digital Publishing Institute</subfield><subfield code="e">provider</subfield><subfield code="5">DNAL</subfield></datafield><datafield tag="935" ind1=" " ind2=" "><subfield code="a">IND606488766</subfield><subfield code="9">ExL</subfield></datafield><datafield tag="949" ind1=" " ind2=" "><subfield code="a">2019-08-12</subfield></datafield><datafield tag="953" ind1=" " ind2=" "><subfield code="a" >/data/metadata/incoming/mdpinstitute/forests-v09-i10-20181024.xml</subfield></datafield><datafield tag="954" ind1=" " ind2=" "><subfield code="a" >file:/data/metadata/staging/mdpinstitute/forests-v09-i10-20181024.xml</subfield></datafield><datafield tag="955" ind1=" " ind2=" "><subfield code="a">/data/metadata/staging/mdpinstitute/</subfield></datafield><datafield tag="962" ind1=" " ind2=" "><subfield code="a">Batch:2278 reviewed on 2019-08-12T12:00:04Z</subfield></datafield><datafield tag="974" ind1=" " ind2=" "><subfield code="a">agid:6488766</subfield></datafield><datafield tag="983" ind1=" " ind2=" "><subfield code="a">2019-07-01</subfield></datafield><datafield tag="984" ind1=" " ind2=" "><subfield code="a">2019-08-12</subfield></datafield></record>