<record><leader>03637nab a2200553 u 4500</leader><controlfield tag="001">9916332449007426</controlfield><controlfield tag="005">20221118135212.0</controlfield><controlfield tag="008">160322e20150413xx |||||o|||||||||||eng||</controlfield><datafield tag="" ind1="7" ind2=" "><subfield code="a">IND605159270</subfield><subfield code="2">DNAL</subfield></datafield><datafield tag="024" ind1="7" ind2=" "><subfield code="a">10.1139/cjfr-2015-0108</subfield><subfield code="2">doi</subfield></datafield><datafield tag="035" ind1=" " ind2=" "><subfield code="a">agid:5159270-01nal_inst</subfield></datafield><datafield tag="040" ind1=" " ind2=" "><subfield code="a">AGL</subfield><subfield code="b">eng</subfield><subfield code="c">AGL</subfield></datafield><datafield tag="100" ind1="1" ind2=" "><subfield code="a">Man, Rongzhou</subfield><subfield code="e">author</subfield><subfield code="u">Ontario Ministry of Natural Resources and Forestry, Ontario Forest Research Institute, 1235 Queen Street East, Sault Ste. Marie, ON P6A 2E5, Canada.</subfield></datafield><datafield tag="245" ind1="1" ind2="0"><subfield code="a">Construction of neighbourhood diversity indices with stem mapping data</subfield></datafield><datafield tag="300" ind1=" " ind2=" "><subfield code="a">p. 1137-1141.</subfield></datafield><datafield tag="520" ind1=" " ind2=" "><subfield code="a">Typical use of diversity indices in forest stands does not reflect within-stand variation in species and structure. Despite numerous efforts to design stand diversity indices that capture spatial variation in two- or three-dimensional space, the application of these indices is limited due to their complexity or lack of ecological relevance. In this research note, we illustrate the application of diversity indices at the neighbourhood scale using stem mapping data from a boreal mixedwood stand in northeastern Ontario, which was assessed before and after partial harvesting. Among the three diversity indices (Shannon species diversity, Shannon structural diversity by height class distribution, and structural diversity by height variation), neighbourhood structural diversity by height variation was less dependent on neighbourhood size (between 4 and 12 trees) and more sensitive to stand structural change than Shannon structural diversity by height class distribution. Despite general increases in Shannon species diversity and structural diversity by height variation at both stand and neighbourhood scales after the harvest — an indication of higher diversity — within-stand variation (coefficients of variation) in neighbourhood diversity values decreased, suggesting that residual stands were spatially more uniform after the harvest. Therefore, the neighbourhood diversity indices are useful for capturing spatial variation in species and structural diversity, especially in managed stands in which spatial distributions and patterns can be significantly modified by management interventions.</subfield></datafield><datafield tag="592" ind1=" " ind2=" "><subfield code="a">Publisher supplied data</subfield></datafield><datafield tag="593" ind1=" " ind2=" "><subfield code="a">PubAg article</subfield></datafield><datafield tag="650" ind1=" " ind2="3"><subfield code="a">forest stands</subfield></datafield><datafield tag="650" ind1=" " ind2="3"><subfield code="a">harvesting</subfield></datafield><datafield tag="650" ind1=" " ind2="3"><subfield code="a">interspecific variation</subfield></datafield><datafield tag="650" ind1=" " ind2="3"><subfield code="a">spatial distribution</subfield></datafield><datafield tag="650" ind1=" " ind2="3"><subfield code="a">species diversity</subfield></datafield><datafield tag="650" ind1=" " ind2="3"><subfield code="a">trees</subfield></datafield><datafield tag="651" ind1=" " ind2="3"><subfield code="a">Ontario</subfield></datafield><datafield tag="653" ind1=" " ind2="0"><subfield code="a">tree neighbours</subfield></datafield><datafield tag="653" ind1=" " ind2="0"><subfield code="a">structural diversity</subfield></datafield><datafield tag="653" ind1=" " ind2="0"><subfield code="a">within-stand variation</subfield></datafield><datafield tag="653" ind1=" " ind2="0"><subfield code="a">spatial scale</subfield></datafield><datafield tag="653" ind1=" " ind2="0"><subfield code="a">forest stand structure</subfield></datafield><datafield tag="700" ind1="1" ind2=" "><subfield code="a">Yang, Hua</subfield><subfield code="e">author</subfield><subfield code="u">Faculty of Forestry, Beijing Forestry University, 35 Qinghua East Road, Haidian District, Beijing, China.</subfield></datafield><datafield tag="773" ind1="0" ind2=" "><subfield code="t">Canadian journal of forest research =.</subfield><subfield code="g">2015 Apr. 13, v. 45, no. 8 p.1137-1141</subfield><subfield code="d">NRC Research Press</subfield><subfield code="x">1208-6037</subfield><subfield code="7">nnas</subfield></datafield><datafield tag="787" ind1="1" ind2=" "><subfield code="o">islandora_article_repository</subfield></datafield><datafield tag="787" ind1="1" ind2=" "><subfield code="o">product_pubag</subfield></datafield><datafield tag="787" ind1="1" ind2=" "><subfield code="o">(Journal)jnl2003</subfield></datafield><datafield tag="856" ind1="4" ind2="0"><subfield code="u">http://dx.doi.org/10.1139/cjfr-2015-0108</subfield><subfield code="3">Available from publisher's site</subfield></datafield><datafield tag="912" ind1=" " ind2=" "><subfield code="a">Article</subfield></datafield><datafield tag="914" ind1=" " ind2=" "><subfield code="a">Journal:jnl2003</subfield><subfield code="b">1208-6037</subfield><subfield code="c">45</subfield><subfield code="d">8</subfield><subfield code="e">1137</subfield></datafield><datafield tag="914" ind1=" " ind2=" "><subfield code="f">Canadian journal of forest research =</subfield></datafield><datafield tag="916" ind1=" " ind2=" "><subfield code="a">Batch:1389</subfield></datafield><datafield tag="917" ind1=" " ind2=" "><subfield code="a">issued</subfield></datafield><datafield tag="918" ind1="2" ind2=" "><subfield code="a">NRC Canada</subfield><subfield code="e">provider</subfield><subfield code="5">DNAL</subfield></datafield><datafield tag="935" ind1=" " ind2=" "><subfield code="a">IND605159270</subfield><subfield code="9">ExL</subfield></datafield><datafield tag="949" ind1=" " ind2=" "><subfield code="a">2-08-22</subfield></datafield><datafield tag="953" ind1=" " ind2=" "><subfield code="a">CJFRv45i8-07300650-568822.zip</subfield></datafield><datafield tag="962" ind1=" " ind2=" "><subfield code="a">Batch:1389 reviewed on 2-08-22T13:00:02Z</subfield></datafield><datafield tag="974" ind1=" " ind2=" "><subfield code="a">agid:5159270</subfield></datafield><datafield tag="983" ind1=" " ind2=" "><subfield code="a">2-03-22</subfield></datafield><datafield tag="984" ind1=" " ind2=" "><subfield code="a">2-08-22</subfield></datafield></record>