<record><leader>04183nab a2200541 u 4500</leader><controlfield tag="001">9916332504207426</controlfield><controlfield tag="005">20221118134624.0</controlfield><controlfield tag="008">170626e200310 xx |||||o|||||||||||eng||</controlfield><datafield tag="" ind1="7" ind2=" "><subfield code="a">IND605699585</subfield><subfield code="2">DNAL</subfield></datafield><datafield tag="024" ind1="7" ind2=" "><subfield code="a">10.1890/02-0063</subfield><subfield code="2">doi</subfield></datafield><datafield tag="035" ind1=" " ind2=" "><subfield code="a">agid:5699585-01nal_inst</subfield></datafield><datafield tag="040" ind1=" " ind2=" "><subfield code="a">AGL</subfield><subfield code="b">eng</subfield><subfield code="c">AGL</subfield></datafield><datafield tag="100" ind1="1" ind2=" "><subfield code="a">Moegenburg, Susan M.</subfield><subfield code="e">author</subfield><subfield code="u">Department of Zoology, University of Florida, Gainesville, Florida 32611 USA</subfield></datafield><datafield tag="245" ind1="1" ind2="0"><subfield code="a">Do frugivores respond to fruit harvest? an experimental study of short‐term responses</subfield></datafield><datafield tag="300" ind1=" " ind2=" "><subfield code="a">p. 2600-2612.</subfield></datafield><datafield tag="500" ind1=" " ind2=" "><subfield code="a">JOURNAL ARTICLE</subfield></datafield><datafield tag="520" ind1=" " ind2=" "><subfield code="a">Many nonexperimental studies have shown positive correlations between resource abundance and vertebrate abundance. These relationships, however, are difficult to interpret because of confounding factors that may independently determine the abundance of vertebrates and their resources. Moreover, verifying links between vertebrate and resource abundance is complex because human perception of resource abundance may differ from that of nonhuman vertebrates and because manipulating resource abundance on an ecologically meaningful scale is difficult. We studied the dependency of frugivores on fruit abundance in eastern Amazonian floodplain forests dominated by one species of palm tree (Euterpe oleracea) from which people harvest fruit. We first compared spatial and temporal use by frugivorous parrots of four sites dominated by E. oleracea and four sites with no E. oleracea. Parrots spent 48–92% more time in the former, where their activity over the fruiting season mirrored the abundance of fruits. To test whether fruit abundance was the mechanism underlying these patterns, we removed fruit at two intensities in replicated 1.8‐ha plots, and then monitored responses of frugivorous birds and mammals. High‐intensity removal (75% of ripe fruit harvested) significantly reduced the number of frugivorous bird individuals by 29% and the length of frugivorous bird visits by 68%, relative to controls. In contrast, low‐intensity removal (41% of ripe fruit removed) had no impact on these metrics. Frugivore species richness did not differ among treatments and controls, but the composition of the frugivore community was altered by harvest, with the presence of 11 species being linked to fruit abundance. Nonfrugivorous birds did not respond to either intensity of fruit harvest. The number of fruit‐eating mammal species was 58% lower in both the low‐ and high‐removal treatments, relative to control plots. These results verify that fruit abundance influences the species composition of frugivore communities and the abundance and foraging behavior of individual species. They also document short‐term dependency of fruit‐eating mammals on fruit abundance. Harvest of fruit from forest systems, a common practice in tropical forests, therefore can affect populations of fruit‐eating animals.</subfield></datafield><datafield tag="592" ind1=" " ind2=" "><subfield code="a">Publisher supplied data</subfield></datafield><datafield tag="593" ind1=" " ind2=" "><subfield code="a">PubAg article</subfield></datafield><datafield tag="650" ind1=" " ind2="3"><subfield code="a">Euterpe oleracea</subfield></datafield><datafield tag="650" ind1=" " ind2="3"><subfield code="a">floodplains</subfield></datafield><datafield tag="650" ind1=" " ind2="3"><subfield code="a">foraging</subfield></datafield><datafield tag="650" ind1=" " ind2="3"><subfield code="a">frugivores</subfield></datafield><datafield tag="650" ind1=" " ind2="3"><subfield code="a">fruiting</subfield></datafield><datafield tag="650" ind1=" " ind2="3"><subfield code="a">humans</subfield></datafield><datafield tag="650" ind1=" " ind2="3"><subfield code="a">parrots</subfield></datafield><datafield tag="650" ind1=" " ind2="3"><subfield code="a">people</subfield></datafield><datafield tag="650" ind1=" " ind2="3"><subfield code="a">species diversity</subfield></datafield><datafield tag="650" ind1=" " ind2="3"><subfield code="a">tropical forests</subfield></datafield><datafield tag="700" ind1="1" ind2=" "><subfield code="a">Levey, Douglas J.</subfield><subfield code="e">author</subfield><subfield code="u">Department of Zoology, University of Florida, Gainesville, Florida 32611 USA</subfield></datafield><datafield tag="773" ind1="0" ind2=" "><subfield code="t">Ecology.</subfield><subfield code="g">2003 Oct., v. 84, no. 10 p.2600-2612</subfield><subfield code="d">Ecological Society of America</subfield><subfield code="x">0012-9658</subfield><subfield code="7">nnas</subfield></datafield><datafield tag="787" ind1="1" ind2=" "><subfield code="o">islandora_article_repository</subfield></datafield><datafield tag="787" ind1="1" ind2=" "><subfield code="o">product_pubag</subfield></datafield><datafield tag="787" ind1="1" ind2=" "><subfield code="o">(Journal)jnl46164</subfield></datafield><datafield tag="856" ind1="4" ind2="0"><subfield code="u">http://dx.doi.org/10.1890/02-0063</subfield><subfield code="3">Available from publisher's site</subfield></datafield><datafield tag="912" ind1=" " ind2=" "><subfield code="a">Article</subfield></datafield><datafield tag="914" ind1=" " ind2=" "><subfield code="a">Journal:jnl46164</subfield><subfield code="b">0012-9658</subfield><subfield code="c">84</subfield><subfield code="d">10</subfield><subfield code="e">2600</subfield></datafield><datafield tag="914" ind1=" " ind2=" "><subfield code="f">Ecology</subfield></datafield><datafield tag="916" ind1=" " ind2=" "><subfield code="a">Batch:1791</subfield></datafield><datafield tag="917" ind1=" " ind2=" "><subfield code="a">issued</subfield></datafield><datafield tag="918" ind1="2" ind2=" "><subfield code="a">John Wiley &amp; Sons, Inc</subfield><subfield code="e">provider</subfield><subfield code="5">DNAL</subfield></datafield><datafield tag="935" ind1=" " ind2=" "><subfield code="a">IND605699585</subfield><subfield code="9">ExL</subfield></datafield><datafield tag="949" ind1=" " ind2=" "><subfield code="a">2017-08-18</subfield></datafield><datafield tag="953" ind1=" " ind2=" "><subfield code="a">00129658_2003_84_10.xml</subfield></datafield><datafield tag="962" ind1=" " ind2=" "><subfield code="a">Batch:1791 reviewed on 2017-08-18T04:00:02Z</subfield></datafield><datafield tag="974" ind1=" " ind2=" "><subfield code="a">agid:5699585</subfield></datafield><datafield tag="983" ind1=" " ind2=" "><subfield code="a">2017-06-26</subfield></datafield><datafield tag="984" ind1=" " ind2=" "><subfield code="a">2017-08-18</subfield></datafield></record>