<record><leader>04473nab a2200721 u 4500</leader><controlfield tag="001">9916332542407426</controlfield><controlfield tag="005">20221118134633.0</controlfield><controlfield tag="008">170626e200311 xx |||||o|||||||||||eng||</controlfield><datafield tag="" ind1="7" ind2=" "><subfield code="a">IND605699616</subfield><subfield code="2">DNAL</subfield></datafield><datafield tag="024" ind1="7" ind2=" "><subfield code="a">10.1890/02-0639</subfield><subfield code="2">doi</subfield></datafield><datafield tag="035" ind1=" " ind2=" "><subfield code="a">agid:5699616-01nal_inst</subfield></datafield><datafield tag="040" ind1=" " ind2=" "><subfield code="a">AGL</subfield><subfield code="b">eng</subfield><subfield code="c">AGL</subfield></datafield><datafield tag="100" ind1="1" ind2=" "><subfield code="a">Jones, Jason</subfield><subfield code="e">author</subfield><subfield code="u">Department of Biological Sciences, Dartmouth College, Hanover, New Hampshire 03755 USA</subfield></datafield><datafield tag="245" ind1="1" ind2="0"><subfield code="a">Climate and food synchronize regional forest bird abundances</subfield></datafield><datafield tag="300" ind1=" " ind2=" "><subfield code="a">p. 3024-3032.</subfield></datafield><datafield tag="500" ind1=" " ind2=" "><subfield code="a">JOURNAL ARTICLE</subfield></datafield><datafield tag="520" ind1=" " ind2=" "><subfield code="a">Analysis of synchrony in population fluctuations can help to identify factors that regulate populations and the scales at which these factors exert their influence. Using 15 years of data on the abundances of songbirds at four replicate forest sites in New Hampshire, USA, we addressed two main questions: (1) Are forest bird populations synchronous at the scale measured (tens of kilometers), and if so, (2) what environmental factors are responsible for the synchrony? Nine of the 10 bird species we examined exhibited significant spatial synchrony across the four sites. Within nesting and foraging species groups, tree nesters and foliage gleaners exhibited the highest spatial synchrony. Long‐distance (Neotropical) migrants exhibited higher spatial synchrony than did short‐distance migrants or year‐round residents. Synchrony within and among six species of long‐distance, migratory, insectivorous birds was correlated with synchronous fluctuations in the abundance of lepidopteran larvae, a primary food type during the breeding season, which in turn have been shown to be influenced by El Niño/La Niña global climate patterns. Abundances of year‐round resident species were related to another large‐scale climatic phenomenon, the North Atlantic Oscillation. Winter weather can have both direct (e.g., via temperature‐mediated mortality) and indirect (e.g., via winter food availability) effects on year‐round resident species. We do not believe that predation on adults or nests accounted for the observed synchrony. Dispersal among regional populations in this system may have played a role but is likely a product of the influence of regionally synchronous caterpillar fluctuations on bird reproduction. Long‐term regional population trends may have contributed to the observed synchrony for some species, but we do not consider these trends to be primary factors. Our findings of population synchrony support the importance of food and climate in influencing forest bird abundances and have broad implications for potential responses of bird and insect populations to climate change.</subfield></datafield><datafield tag="592" ind1=" " ind2=" "><subfield code="a">Publisher supplied data</subfield></datafield><datafield tag="593" ind1=" " ind2=" "><subfield code="a">PubAg article</subfield></datafield><datafield tag="650" ind1=" " ind2="3"><subfield code="a">El Nino</subfield></datafield><datafield tag="650" ind1=" " ind2="3"><subfield code="a">La Nina</subfield></datafield><datafield tag="650" ind1=" " ind2="3"><subfield code="a">Lepidoptera</subfield></datafield><datafield tag="650" ind1=" " ind2="3"><subfield code="a">Neotropics</subfield></datafield><datafield tag="650" ind1=" " ind2="3"><subfield code="a">North Atlantic Oscillation</subfield></datafield><datafield tag="650" ind1=" " ind2="3"><subfield code="a">adults</subfield></datafield><datafield tag="650" ind1=" " ind2="3"><subfield code="a">breeding season</subfield></datafield><datafield tag="650" ind1=" " ind2="3"><subfield code="a">climate change</subfield></datafield><datafield tag="650" ind1=" " ind2="3"><subfield code="a">environmental factors</subfield></datafield><datafield tag="650" ind1=" " ind2="3"><subfield code="a">food availability</subfield></datafield><datafield tag="650" ind1=" " ind2="3"><subfield code="a">foraging</subfield></datafield><datafield tag="650" ind1=" " ind2="3"><subfield code="a">forests</subfield></datafield><datafield tag="650" ind1=" " ind2="3"><subfield code="a">insectivores</subfield></datafield><datafield tag="650" ind1=" " ind2="3"><subfield code="a">insects</subfield></datafield><datafield tag="650" ind1=" " ind2="3"><subfield code="a">larvae</subfield></datafield><datafield tag="650" ind1=" " ind2="3"><subfield code="a">leaves</subfield></datafield><datafield tag="650" ind1=" " ind2="3"><subfield code="a">migratory behavior</subfield></datafield><datafield tag="650" ind1=" " ind2="3"><subfield code="a">mortality</subfield></datafield><datafield tag="650" ind1=" " ind2="3"><subfield code="a">nesting</subfield></datafield><datafield tag="650" ind1=" " ind2="3"><subfield code="a">predation</subfield></datafield><datafield tag="650" ind1=" " ind2="3"><subfield code="a">songbirds</subfield></datafield><datafield tag="650" ind1=" " ind2="3"><subfield code="a">trees</subfield></datafield><datafield tag="650" ind1=" " ind2="3"><subfield code="a">winter</subfield></datafield><datafield tag="651" ind1=" " ind2="3"><subfield code="a">New Hampshire</subfield></datafield><datafield tag="700" ind1="1" ind2=" "><subfield code="a">Doran, Patrick J.</subfield><subfield code="e">author</subfield><subfield code="u">Department of Biological Sciences, Dartmouth College, Hanover, New Hampshire 03755 USA</subfield></datafield><datafield tag="700" ind1="1" ind2=" "><subfield code="a">Holmes, Richard T.</subfield><subfield code="e">author</subfield><subfield code="u">Department of Biological Sciences, Dartmouth College, Hanover, New Hampshire 03755 USA</subfield></datafield><datafield tag="773" ind1="0" ind2=" "><subfield code="t">Ecology.</subfield><subfield code="g">2003 Nov., v. 84, no. 11 p.3024-3032</subfield><subfield code="d">Ecological Society of America</subfield><subfield code="x">0012-9658</subfield><subfield code="7">nnas</subfield></datafield><datafield tag="787" ind1="1" ind2=" "><subfield code="o">islandora_article_repository</subfield></datafield><datafield tag="787" ind1="1" ind2=" "><subfield code="o">product_pubag</subfield></datafield><datafield tag="787" ind1="1" ind2=" "><subfield code="o">(Journal)jnl46164</subfield></datafield><datafield tag="856" ind1="4" ind2="0"><subfield code="u">http://dx.doi.org/10.1890/02-0639</subfield><subfield code="3">Available from publisher's site</subfield></datafield><datafield tag="912" ind1=" " ind2=" "><subfield code="a">Article</subfield></datafield><datafield tag="914" ind1=" " ind2=" "><subfield code="a">Journal:jnl46164</subfield><subfield code="b">0012-9658</subfield><subfield code="c">84</subfield><subfield code="d">11</subfield><subfield code="e">3024</subfield></datafield><datafield tag="914" ind1=" " ind2=" "><subfield code="f">Ecology</subfield></datafield><datafield tag="916" ind1=" " ind2=" "><subfield code="a">Batch:1791</subfield></datafield><datafield tag="917" ind1=" " ind2=" "><subfield code="a">issued</subfield></datafield><datafield tag="918" ind1="2" ind2=" "><subfield code="a">John Wiley &amp; Sons, Inc</subfield><subfield code="e">provider</subfield><subfield code="5">DNAL</subfield></datafield><datafield tag="935" ind1=" " ind2=" "><subfield code="a">IND605699616</subfield><subfield code="9">ExL</subfield></datafield><datafield tag="949" ind1=" " ind2=" "><subfield code="a">2017-08-18</subfield></datafield><datafield tag="953" ind1=" " ind2=" "><subfield code="a">00129658_2003_84_11.xml</subfield></datafield><datafield tag="962" ind1=" " ind2=" "><subfield code="a">Batch:1791 reviewed on 2017-08-18T04:00:02Z</subfield></datafield><datafield tag="974" ind1=" " ind2=" "><subfield code="a">agid:5699616</subfield></datafield><datafield tag="983" ind1=" " ind2=" "><subfield code="a">2017-06-26</subfield></datafield><datafield tag="984" ind1=" " ind2=" "><subfield code="a">2017-08-18</subfield></datafield></record>