<record><leader>05576nab a2200733 u 4500</leader><controlfield tag="001">9916332599707426</controlfield><controlfield tag="005">20221118140446.0</controlfield><controlfield tag="008">211227e202108 xx |||||o|||||||||||eng||</controlfield><datafield tag="" ind1="7" ind2=" "><subfield code="a">IND607429845</subfield><subfield code="2">DNAL</subfield></datafield><datafield tag="024" ind1="7" ind2=" "><subfield code="a">10.1/j.compag.2021.106281</subfield><subfield code="2">doi</subfield></datafield><datafield tag="035" ind1=" " ind2=" "><subfield code="a">agid:7429845-01nal_inst</subfield></datafield><datafield tag="040" ind1=" " ind2=" "><subfield code="a">AGL</subfield><subfield code="b">eng</subfield><subfield code="c">AGL</subfield></datafield><datafield tag="100" ind1="1" ind2=" "><subfield code="a">Lima, Francisco</subfield><subfield code="e">author</subfield><subfield code="u">Geographic Analysis Research Group, Department of Geography, University of Malaga, Campus of Teatinos, s/n, 29071 Malaga, Spain</subfield></datafield><datafield tag="245" ind1="1" ind2="0"><subfield code="a">Mapping tillage direction and contour farming by object-based analysis of UAV images</subfield></datafield><datafield tag="520" ind1=" " ind2=" "><subfield code="a">Tillage is a primary agricultural task that causes progressive soil movement and, consequently, severe erosion in sloping farmland, with a high impact on crop productivity, soil quality and landscape features. Governments and public administrations acknowledge the need to control tillage operations for a better soil conservation in vulnerable areas, recommending the practice of contour farming. Despite this importance, there is currently no mechanism for the effective and large-scale monitoring of tillage patterns at the field or regional scale. Accordingly, this research combined aerial images taken with unmanned aerial vehicles and object-based image analysis (OBIA) to develop an innovative OBIA4tillage procedure with three main objectives: (i) analysing plowed agricultural fields, identifying and mapping the tillage marks, and automatically computing the main direction of the tillage furrows, (ii) validating the procedure quality in different scenarios by evaluating the accuracy of the results as affected by the sensor used (visible-light vs. multispectral), background soil hue, and ground vegetation density; and (iii) mapping contour farming and non-contour farming areas as indicators of potential low and high soil erosion risk, respectively. Twenty olive parcels from two different locations with a wide range of tree sizes, soil hue, parcel shapes and land slopes were selected as model systems to develop and validate the procedure. The OBIA4tillage procedure produced tillage maps with very high accuracy for both RGB and multispectral images (R² of 0.99 and 0.93, respectively), as obtained from the linear equation between estimated and ground-truth values. The results were similar in clear and dark soils (R² of 0.96 in both cases), although there were notable differences between areas of dense ground vegetation or bare soil (R² of 0.99 in both cases) and areas of medium vegetation cover (R² of 0.81). The application of contour farming in the study region was moderate at location 1 (42.35% of the study area) but more widespread at location 2 (72.60% of the study area), which revealed the uneven involvement of the local farmers in the challenge of controlling soil erosion risks. The valuable information in the OBIA4tillage outputs can also be used to study tillage events at various spatial and temporal scales, feed soil erosion models and promote good agricultural and environmental conditions measures implemented at the parcel scale.</subfield></datafield><datafield tag="592" ind1=" " ind2=" "><subfield code="a">Publisher supplied data</subfield></datafield><datafield tag="593" ind1=" " ind2=" "><subfield code="a">PubAg article</subfield></datafield><datafield tag="650" ind1=" " ind2="3"><subfield code="a">agricultural land</subfield></datafield><datafield tag="650" ind1=" " ind2="3"><subfield code="a">agriculture</subfield></datafield><datafield tag="650" ind1=" " ind2="3"><subfield code="a">electronics</subfield></datafield><datafield tag="650" ind1=" " ind2="3"><subfield code="a">equations</subfield></datafield><datafield tag="650" ind1=" " ind2="3"><subfield code="a">ground vegetation</subfield></datafield><datafield tag="650" ind1=" " ind2="3"><subfield code="a">image analysis</subfield></datafield><datafield tag="650" ind1=" " ind2="3"><subfield code="a">landscapes</subfield></datafield><datafield tag="650" ind1=" " ind2="3"><subfield code="a">light</subfield></datafield><datafield tag="650" ind1=" " ind2="3"><subfield code="a">olives</subfield></datafield><datafield tag="650" ind1=" " ind2="3"><subfield code="a">risk</subfield></datafield><datafield tag="650" ind1=" " ind2="3"><subfield code="a">soil</subfield></datafield><datafield tag="650" ind1=" " ind2="3"><subfield code="a">soil conservation</subfield></datafield><datafield tag="650" ind1=" " ind2="3"><subfield code="a">soil erosion</subfield></datafield><datafield tag="650" ind1=" " ind2="3"><subfield code="a">soil movement</subfield></datafield><datafield tag="650" ind1=" " ind2="3"><subfield code="a">soil quality</subfield></datafield><datafield tag="650" ind1=" " ind2="3"><subfield code="a">trees</subfield></datafield><datafield tag="650" ind1=" " ind2="3"><subfield code="a">vegetation cover</subfield></datafield><datafield tag="653" ind1=" " ind2="0"><subfield code="a">OBIA4tillage</subfield></datafield><datafield tag="653" ind1=" " ind2="0"><subfield code="a">Soil erosion risk</subfield></datafield><datafield tag="653" ind1=" " ind2="0"><subfield code="a">Good agricultural and environmental conditions</subfield></datafield><datafield tag="653" ind1=" " ind2="0"><subfield code="a">Unmanned aerial vehicle (UAV)</subfield></datafield><datafield tag="653" ind1=" " ind2="0"><subfield code="a">Object-based image analysis (OBIA)</subfield></datafield><datafield tag="653" ind1=" " ind2="0"><subfield code="a">Olive orchards</subfield></datafield><datafield tag="700" ind1="1" ind2=" "><subfield code="a">Blanco-Sepúlveda, Rafael</subfield><subfield code="e">author</subfield><subfield code="u">Geographic Analysis Research Group, Department of Geography, University of Malaga, Campus of Teatinos, s/n, 29071 Malaga, Spain</subfield></datafield><datafield tag="700" ind1="1" ind2=" "><subfield code="a">Gómez-Moreno, María L.</subfield><subfield code="e">author</subfield><subfield code="u">Geographic Analysis Research Group, Department of Geography, University of Malaga, Campus of Teatinos, s/n, 29071 Malaga, Spain</subfield></datafield><datafield tag="700" ind1="1" ind2=" "><subfield code="a">Dorado, José</subfield><subfield code="e">author</subfield><subfield code="u">Plant Protection Department, Institute of Agricultural Sciences (ICA), Spanish National Research Council (CSIC), C/ Serrano 115-B, 28006 Madrid, Spain</subfield></datafield><datafield tag="700" ind1="1" ind2=" "><subfield code="a">Peña, José M.</subfield><subfield code="e">author</subfield><subfield code="u">Plant Protection Department, Institute of Agricultural Sciences (ICA), Spanish National Research Council (CSIC), C/ Serrano 115-B, 28006 Madrid, Spain</subfield></datafield><datafield tag="773" ind1="0" ind2=" "><subfield code="t">Computers and electronics in agriculture.</subfield><subfield code="g">2021 Aug., v. 187 p.106281-</subfield><subfield code="d">Elsevier B.V.</subfield><subfield code="w">Journal:jnl38096</subfield><subfield code="x">8-1699</subfield><subfield code="7">nnas</subfield></datafield><datafield tag="787" ind1="1" ind2=" "><subfield code="o">islandora_article_repository</subfield></datafield><datafield tag="787" ind1="1" ind2=" "><subfield code="o">product_pubag</subfield></datafield><datafield tag="787" ind1="1" ind2=" "><subfield code="o">(Journal)jnl38096</subfield></datafield><datafield tag="856" ind1="4" ind2="0"><subfield code="u">https://dx.doi.org/10.1/j.compag.2021.106281</subfield><subfield code="3">Available from publisher's site</subfield></datafield><datafield tag="912" ind1=" " ind2=" "><subfield code="a">Article</subfield></datafield><datafield tag="914" ind1=" " ind2=" "><subfield code="a">Journal:jnl38096</subfield><subfield code="b">8-1699</subfield><subfield code="c">187</subfield><subfield code="e">106281</subfield></datafield><datafield tag="914" ind1=" " ind2=" "><subfield code="f">Computers and electronics in agriculture</subfield></datafield><datafield tag="916" ind1=" " ind2=" "><subfield code="a">Batch:10186</subfield></datafield><datafield tag="917" ind1=" " ind2=" "><subfield code="a">issued</subfield></datafield><datafield tag="918" ind1="2" ind2=" "><subfield code="a">Elsevier Consyn</subfield><subfield code="e">provider</subfield><subfield code="5">DNAL</subfield></datafield><datafield tag="935" ind1=" " ind2=" "><subfield code="a">IND607429845</subfield><subfield code="9">ExL</subfield></datafield><datafield tag="949" ind1=" " ind2=" "><subfield code="a">2022-02-22</subfield></datafield><datafield tag="952" ind1=" " ind2=" "><subfield code="d">NAL-AP-2-clean</subfield></datafield><datafield tag="953" ind1=" " ind2=" "><subfield code="a" >/data/metadata/incoming/consyn/124462545249905290-00001-HEAD-ONLY-REVISEDSUBJECTLIST.zip</subfield></datafield><datafield tag="954" ind1=" " ind2=" "><subfield code="a">file:/data/metadata/staging/consyn/S8169921002982.xml</subfield></datafield><datafield tag="955" ind1=" " ind2=" "><subfield code="a">/data/metadata/staging/consyn/</subfield></datafield><datafield tag="974" ind1=" " ind2=" "><subfield code="a">agid:7429845</subfield></datafield><datafield tag="983" ind1=" " ind2=" "><subfield code="a">2021-12-27</subfield></datafield><datafield tag="984" ind1=" " ind2=" "><subfield code="a">2022-02-20</subfield></datafield></record>