<record><leader>04334nab a2200577 u 4500</leader><controlfield tag="001">9916332648507426</controlfield><controlfield tag="005">20221118140323.0</controlfield><controlfield tag="008">170626e200311 xx |||||o|||||||||||eng||</controlfield><datafield tag="" ind1="7" ind2=" "><subfield code="a">IND605699612</subfield><subfield code="2">DNAL</subfield></datafield><datafield tag="024" ind1="7" ind2=" "><subfield code="a">10.1890/02-0277</subfield><subfield code="2">doi</subfield></datafield><datafield tag="035" ind1=" " ind2=" "><subfield code="a">agid:5699612-01nal_inst</subfield></datafield><datafield tag="040" ind1=" " ind2=" "><subfield code="a">AGL</subfield><subfield code="b">eng</subfield><subfield code="c">AGL</subfield></datafield><datafield tag="100" ind1="1" ind2=" "><subfield code="a">Schoennagel, Tania</subfield><subfield code="e">author</subfield><subfield code="u">Department of Zoology, University of Wisconsin, Madison, Wisconsin 53706 USA</subfield></datafield><datafield tag="245" ind1="1" ind2="4"><subfield code="a">The influence of fire interval and serotiny on postfire lodgepole pine density in yellowstone national park</subfield></datafield><datafield tag="300" ind1=" " ind2=" "><subfield code="a">p. 2967-2978.</subfield></datafield><datafield tag="500" ind1=" " ind2=" "><subfield code="a">JOURNAL ARTICLE</subfield></datafield><datafield tag="520" ind1=" " ind2=" "><subfield code="a">The time interval between stand‐replacing fires can influence patterns of initial postfire succession if the abundance of postfire propagules varies with prefire stand age. We examined the effect of fire interval on initial postfire lodgepole pine (Pinus contorta var. latifolia Engelm.) density in Yellowstone National Park (YNP) following the 1988 fires. We asked whether postfire propagule abundance, measured as prefire percent serotiny, varied with fire interval and could explain patterns in postfire succession. The response of lodgepole pine density to variation in fire interval was explained by spatial and temporal variation in prefire serotiny. At low elevations, postfire lodgepole pine recruitment correlated strongly with prefire percent serotiny, which varied nonlinearly with prefire stand age. As a result, postfire lodgepole pine densities varied nonlinearly with fire interval. In contrast, at high elevations serotiny was low, varied little with stand age and did not influence postfire lodgepole pine densities, although, fire interval was still a significant predictor of postfire densities. At high elevations, fire interval varied nonlinearly with postfire lodgepole densities, presumably due to the temporal variation in propagule abundance from open cones in adjacent unburned stands. Temporal variation in stand‐level serotiny at low elevations was best explained by age of individual trees. Logistic regression indicated that trees expected to be serotinous had a low probability of exhibiting serotiny at a young age, with increasing probability as trees matured up to 140 yr. This increase in serotiny with tree age likely accounts for the initial increase in stand‐level percent serotiny with stand age at low elevations. The spatial variation in serotiny was correlated with variation in historical fire regimes. Fire interval models derived from lower elevations in YNP indicate that fire occurred historically at 135–185‐yr intervals, whereas at higher elevations fires occurred at 280–310‐yr intervals. The spatial patterns of serotiny appear to have been influenced by variability in historical fire regimes across the Yellowstone landscape, which has conditioned contemporary successional responses to disturbance.</subfield></datafield><datafield tag="592" ind1=" " ind2=" "><subfield code="a">Publisher supplied data</subfield></datafield><datafield tag="593" ind1=" " ind2=" "><subfield code="a">PubAg article</subfield></datafield><datafield tag="650" ind1=" " ind2="3"><subfield code="a">Pinus contorta var. latifolia</subfield></datafield><datafield tag="650" ind1=" " ind2="3"><subfield code="a">altitude</subfield></datafield><datafield tag="650" ind1=" " ind2="3"><subfield code="a">fire regime</subfield></datafield><datafield tag="650" ind1=" " ind2="3"><subfield code="a">fires</subfield></datafield><datafield tag="650" ind1=" " ind2="3"><subfield code="a">landscapes</subfield></datafield><datafield tag="650" ind1=" " ind2="3"><subfield code="a">models</subfield></datafield><datafield tag="650" ind1=" " ind2="3"><subfield code="a">national parks</subfield></datafield><datafield tag="650" ind1=" " ind2="3"><subfield code="a">probability</subfield></datafield><datafield tag="650" ind1=" " ind2="3"><subfield code="a">regression analysis</subfield></datafield><datafield tag="650" ind1=" " ind2="3"><subfield code="a">temporal variation</subfield></datafield><datafield tag="650" ind1=" " ind2="3"><subfield code="a">tree age</subfield></datafield><datafield tag="650" ind1=" " ind2="3"><subfield code="a">trees</subfield></datafield><datafield tag="700" ind1="1" ind2=" "><subfield code="a">Turner, Monica G.</subfield><subfield code="e">author</subfield><subfield code="u">Department of Zoology, University of Wisconsin, Madison, Wisconsin 53706 USA</subfield></datafield><datafield tag="700" ind1="1" ind2=" "><subfield code="a">Romme, William H.</subfield><subfield code="e">author</subfield><subfield code="u">Department of Forest Sciences, Colorado State University, Fort Collins, Colorado 80523 USA</subfield></datafield><datafield tag="773" ind1="0" ind2=" "><subfield code="t">Ecology.</subfield><subfield code="g">2003 Nov., v. 84, no. 11 p.2967-2978</subfield><subfield code="d">Ecological Society of America</subfield><subfield code="x">0012-9658</subfield><subfield code="7">nnas</subfield></datafield><datafield tag="787" ind1="1" ind2=" "><subfield code="o">islandora_article_repository</subfield></datafield><datafield tag="787" ind1="1" ind2=" "><subfield code="o">product_pubag</subfield></datafield><datafield tag="787" ind1="1" ind2=" "><subfield code="o">(Journal)jnl46164</subfield></datafield><datafield tag="856" ind1="4" ind2="0"><subfield code="u">http://dx.doi.org/10.1890/02-0277</subfield><subfield code="3">Available from publisher's site</subfield></datafield><datafield tag="912" ind1=" " ind2=" "><subfield code="a">Article</subfield></datafield><datafield tag="914" ind1=" " ind2=" "><subfield code="a">Journal:jnl46164</subfield><subfield code="b">0012-9658</subfield><subfield code="c">84</subfield><subfield code="d">11</subfield><subfield code="e">2967</subfield></datafield><datafield tag="914" ind1=" " ind2=" "><subfield code="f">Ecology</subfield></datafield><datafield tag="916" ind1=" " ind2=" "><subfield code="a">Batch:1791</subfield></datafield><datafield tag="917" ind1=" " ind2=" "><subfield code="a">issued</subfield></datafield><datafield tag="918" ind1="2" ind2=" "><subfield code="a">John Wiley &amp; Sons, Inc</subfield><subfield code="e">provider</subfield><subfield code="5">DNAL</subfield></datafield><datafield tag="935" ind1=" " ind2=" "><subfield code="a">IND605699612</subfield><subfield code="9">ExL</subfield></datafield><datafield tag="949" ind1=" " ind2=" "><subfield code="a">2017-08-18</subfield></datafield><datafield tag="953" ind1=" " ind2=" "><subfield code="a">00129658_2003_84_11.xml</subfield></datafield><datafield tag="962" ind1=" " ind2=" "><subfield code="a">Batch:1791 reviewed on 2017-08-18T04:00:02Z</subfield></datafield><datafield tag="974" ind1=" " ind2=" "><subfield code="a">agid:5699612</subfield></datafield><datafield tag="983" ind1=" " ind2=" "><subfield code="a">2017-06-26</subfield></datafield><datafield tag="984" ind1=" " ind2=" "><subfield code="a">2017-08-18</subfield></datafield></record>