<record><leader>04244nab a2200601 u 4500</leader><controlfield tag="001">9916332947707426</controlfield><controlfield tag="005">20221118141804.0</controlfield><controlfield tag="008">200207e202002 xx |||||o|||||||||||eng||</controlfield><datafield tag="" ind1="7" ind2=" "><subfield code="a">IND606833214</subfield><subfield code="2">DNAL</subfield></datafield><datafield tag="024" ind1="7" ind2=" "><subfield code="a">10.1007/s10841-019-00210-5</subfield><subfield code="2">doi</subfield></datafield><datafield tag="035" ind1=" " ind2=" "><subfield code="a">agid:6833214-01nal_inst</subfield></datafield><datafield tag="040" ind1=" " ind2=" "><subfield code="a">AGL</subfield><subfield code="b">eng</subfield><subfield code="c">AGL</subfield></datafield><datafield tag="100" ind1="1" ind2=" "><subfield code="a">Pilskog, Hanne Eik</subfield><subfield code="e">author</subfield><subfield code="u">The Faculty of Environmental Sciences and Natural Resource Management, Norwegian University of Life Sciences, P.O. Box 5003, 1432, Aas, Norway. hanne.e.pilskog@hiof.no</subfield><subfield code="1">https://orcid.org/0000-0003-4781-7117</subfield></datafield><datafield tag="245" ind1="1" ind2="0"><subfield code="a">Species composition of beetles grouped by host association in hollow oaks reveals management-relevant patterns</subfield></datafield><datafield tag="300" ind1=" " ind2=" "><subfield code="a">p. 65-86.</subfield></datafield><datafield tag="520" ind1=" " ind2=" "><subfield code="a">Veteran trees are keystone structures currently in decline worldwide. In Europe, veteran oaks (Quercus spp.) are important habitat trees for wood-living beetles. Still, we have limited knowledge of the drivers determining the composition of these communities and the relevant spatial and temporal scales for these drivers. We collected beetles from 32 hollow oaks in two regions in Southern Norway along a coast-inland gradient paralleling historical onset of oak harvesting. We focused on species with different host-association to oak and identified the relative importance of processes working on different spatial scales, ranging from tree-scale to region-scale, as well as effects of the coast-inland gradient. We found all the spatial scales to influence the species composition, with a response to the coast-inland gradient and differences between the regions for all beetle groups. The tree scale was the most important scale for species mainly associated with oak, generalist species and the overall species composition—with bryophyte cover on the stem, depth of bark crevices and amount of wood mould as the most important variables. The close surroundings and forest variables on the landscape scale was most important for the beetle species restricted to broadleaf trees. Our study confirmed established knowledge, but also revealed new relationships between oak-associated beetles and relevant drivers on the tree and regional scale. As important responses of species mainly associated with oak or broadleaf trees were concealed when analyzing the total community, care should be taken not to base management recommendations on such overall, general patterns.</subfield></datafield><datafield tag="592" ind1=" " ind2=" "><subfield code="a">Publisher supplied data</subfield></datafield><datafield tag="593" ind1=" " ind2=" "><subfield code="a">PubAg article</subfield></datafield><datafield tag="650" ind1=" " ind2="3"><subfield code="a">Bryophyta</subfield></datafield><datafield tag="650" ind1=" " ind2="3"><subfield code="a">Coleoptera</subfield></datafield><datafield tag="650" ind1=" " ind2="3"><subfield code="a">Quercus</subfield></datafield><datafield tag="650" ind1=" " ind2="3"><subfield code="a">bark</subfield></datafield><datafield tag="650" ind1=" " ind2="3"><subfield code="a">broadleaved trees</subfield></datafield><datafield tag="650" ind1=" " ind2="3"><subfield code="a">forests</subfield></datafield><datafield tag="650" ind1=" " ind2="3"><subfield code="a">habitats</subfield></datafield><datafield tag="650" ind1=" " ind2="3"><subfield code="a">harvesting</subfield></datafield><datafield tag="650" ind1=" " ind2="3"><subfield code="a">landscapes</subfield></datafield><datafield tag="650" ind1=" " ind2="3"><subfield code="a">species diversity</subfield></datafield><datafield tag="650" ind1=" " ind2="3"><subfield code="a">wood</subfield></datafield><datafield tag="651" ind1=" " ind2="3"><subfield code="a">Norway</subfield></datafield><datafield tag="700" ind1="1" ind2=" "><subfield code="a">Birkemoe, Tone</subfield><subfield code="e">author</subfield><subfield code="u">The Faculty of Environmental Sciences and Natural Resource Management, Norwegian University of Life Sciences, P.O. Box 5003, 1432, Aas, Norway</subfield></datafield><datafield tag="700" ind1="1" ind2=" "><subfield code="a">Evju, Marianne</subfield><subfield code="e">author</subfield><subfield code="u">Norwegian Institute for Nature Research, Gaustadalléen 21, 0349, Oslo, Norway</subfield></datafield><datafield tag="700" ind1="1" ind2=" "><subfield code="a">Sverdrup-Thygeson, Anne</subfield><subfield code="e">author</subfield><subfield code="u">The Faculty of Environmental Sciences and Natural Resource Management, Norwegian University of Life Sciences, P.O. Box 5003, 1432, Aas, Norway</subfield></datafield><datafield tag="773" ind1="0" ind2=" "><subfield code="t">Journal of insect conservation.</subfield><subfield code="g">2020 Feb., v. 24, no. 1 p.65-86</subfield><subfield code="d">Springer International Publishing</subfield><subfield code="w">Journal:jnl3870062</subfield><subfield code="x">1366-638X</subfield><subfield code="7">nnas</subfield></datafield><datafield tag="787" ind1="1" ind2=" "><subfield code="o">islandora_article_repository</subfield></datafield><datafield tag="787" ind1="1" ind2=" "><subfield code="o">product_pubag</subfield></datafield><datafield tag="787" ind1="1" ind2=" "><subfield code="o">(Journal)jnl3870062</subfield></datafield><datafield tag="856" ind1="4" ind2="0"><subfield code="u">http://dx.doi.org/10.1007/s10841-019-00210-5</subfield><subfield code="3">Available from publisher's site</subfield></datafield><datafield tag="912" ind1=" " ind2=" "><subfield code="a">Article</subfield></datafield><datafield tag="914" ind1=" " ind2=" "><subfield code="a">Journal:jnl3870062</subfield><subfield code="b">1366-638X</subfield><subfield code="c">24</subfield><subfield code="d">1</subfield><subfield code="e">65</subfield></datafield><datafield tag="914" ind1=" " ind2=" "><subfield code="f">Journal of insect conservation</subfield></datafield><datafield tag="916" ind1=" " ind2=" "><subfield code="a">Batch:2523</subfield></datafield><datafield tag="917" ind1=" " ind2=" "><subfield code="a">issued</subfield></datafield><datafield tag="918" ind1="2" ind2=" "><subfield code="a">Springer</subfield><subfield code="e">provider</subfield><subfield code="5">DNAL</subfield></datafield><datafield tag="935" ind1=" " ind2=" "><subfield code="a">IND606833214</subfield><subfield code="9">ExL</subfield></datafield><datafield tag="949" ind1=" " ind2=" "><subfield code="a">2020-07-21</subfield></datafield><datafield tag="953" ind1=" " ind2=" "><subfield code="a">/data/metadata/incoming/springer/ftp_PUB_20-02-06_06-03-53.zip</subfield></datafield><datafield tag="954" ind1=" " ind2=" "><subfield code="a">file:/data/metadata/staging/springer/10841-24-1.xml</subfield></datafield><datafield tag="955" ind1=" " ind2=" "><subfield code="a">/data/metadata/staging/springer/</subfield></datafield><datafield tag="962" ind1=" " ind2=" "><subfield code="a">Batch:2523 reviewed on 2020-07-21T04:00:04Z</subfield></datafield><datafield tag="974" ind1=" " ind2=" "><subfield code="a">agid:6833214</subfield></datafield><datafield tag="983" ind1=" " ind2=" "><subfield code="a">2020-02-07</subfield></datafield><datafield tag="984" ind1=" " ind2=" "><subfield code="a">2020-07-21</subfield></datafield></record>