<record><leader>03731nab a2200637 u 4500</leader><controlfield tag="001">9916333031007426</controlfield><controlfield tag="005">20221118141737.0</controlfield><controlfield tag="008">200422e202002 xx |||||o|||||||||||eng||</controlfield><datafield tag="" ind1="7" ind2=" "><subfield code="a">IND606833094</subfield><subfield code="2">DNAL</subfield></datafield><datafield tag="024" ind1="7" ind2=" "><subfield code="a">10.1007/s10457-019-00375-7</subfield><subfield code="2">doi</subfield></datafield><datafield tag="035" ind1=" " ind2=" "><subfield code="a">agid:6833094-01nal_inst</subfield></datafield><datafield tag="040" ind1=" " ind2=" "><subfield code="a">AGL</subfield><subfield code="b">eng</subfield><subfield code="c">AGL</subfield></datafield><datafield tag="100" ind1="1" ind2=" "><subfield code="a">Hombegowda, H. C.</subfield><subfield code="e">author</subfield><subfield code="u">Tropical Silviculture and Forest Ecology, Georg-August-Universität Göttingen, Göttingen, Germany. hombegowdaars@gmail.com</subfield><subfield code="1">https://orcid.org/0000-0002-4706-3944</subfield></datafield><datafield tag="245" ind1="1" ind2="0"><subfield code="a">Tree species and size influence soil water partitioning in coffee agroforestry</subfield></datafield><datafield tag="300" ind1=" " ind2=" "><subfield code="a">p. 137-149.</subfield></datafield><datafield tag="520" ind1=" " ind2=" "><subfield code="a">Complementary use of resources is considered a strong driver of enhanced performance in mixed-species assemblages. In income-producing agroforestry systems, economically valuable species will ideally benefit from resource partitioning. In agroforests in southern India, we assessed soil water uptake depths of coffee and different shade tree species at the end of the dry season, when water availability is regarded critical. Water isotopes ratios (δD and δ¹⁸O) from soil and plant samples were analyzed and an isotope mixing model was applied. Results suggest that coffee plants drew water mainly from the top soil (56% from 0 to 20 cm), and to a lower extent from the subsoil. Jackfruit trees had very similar uptake patterns, which suggest competition. Mango trees showed reverse patterns of water uptake with soil depth, i.e. drew more than 75% from the subsoil, which suggests spatial complementarity to coffee. Within and across shade tree species, soil water uptake from the top soil increased with increasing diameter. We suggest that shade tree species choice and diameter regulation are viable options in management for soil water use complementarity.</subfield></datafield><datafield tag="592" ind1=" " ind2=" "><subfield code="a">Publisher supplied data</subfield></datafield><datafield tag="593" ind1=" " ind2=" "><subfield code="a">PubAg article</subfield></datafield><datafield tag="596" ind1=" " ind2=" "><subfield code="a">International Fellowship</subfield><subfield code="c">Indian Council of Agricultural Research</subfield></datafield><datafield tag="650" ind1=" " ind2="3"><subfield code="a">Coffea arabica</subfield></datafield><datafield tag="650" ind1=" " ind2="3"><subfield code="a">agroforestry</subfield></datafield><datafield tag="650" ind1=" " ind2="3"><subfield code="a">dry season</subfield></datafield><datafield tag="650" ind1=" " ind2="3"><subfield code="a">fruit trees</subfield></datafield><datafield tag="650" ind1=" " ind2="3"><subfield code="a">jackfruits</subfield></datafield><datafield tag="650" ind1=" " ind2="3"><subfield code="a">oxygen</subfield></datafield><datafield tag="650" ind1=" " ind2="3"><subfield code="a">soil depth</subfield></datafield><datafield tag="650" ind1=" " ind2="3"><subfield code="a">soil water</subfield></datafield><datafield tag="650" ind1=" " ind2="3"><subfield code="a">stable isotopes</subfield></datafield><datafield tag="650" ind1=" " ind2="3"><subfield code="a">statistical models</subfield></datafield><datafield tag="650" ind1=" " ind2="3"><subfield code="a">subsoil</subfield></datafield><datafield tag="650" ind1=" " ind2="3"><subfield code="a">topsoil</subfield></datafield><datafield tag="650" ind1=" " ind2="3"><subfield code="a">water uptake</subfield></datafield><datafield tag="651" ind1=" " ind2="3"><subfield code="a">India</subfield></datafield><datafield tag="700" ind1="1" ind2=" "><subfield code="a">Köhler, Michael</subfield><subfield code="e">author</subfield><subfield code="u">Tropical Silviculture and Forest Ecology, Georg-August-Universität Göttingen, Göttingen, Germany</subfield></datafield><datafield tag="700" ind1="1" ind2=" "><subfield code="a">Röll, Alexander</subfield><subfield code="e">author</subfield><subfield code="u">Tropical Silviculture and Forest Ecology, Georg-August-Universität Göttingen, Göttingen, Germany</subfield></datafield><datafield tag="700" ind1="1" ind2=" "><subfield code="a">Hölscher, Dirk</subfield><subfield code="e">author</subfield><subfield code="u">Tropical Silviculture and Forest Ecology, Georg-August-Universität Göttingen, Göttingen, Germany</subfield></datafield><datafield tag="773" ind1="0" ind2=" "><subfield code="t">Agroforestry systems.</subfield><subfield code="g">2020 Feb., v. 94, no. 1 p.137-149</subfield><subfield code="d">Springer Netherlands</subfield><subfield code="w">Journal:jnl34245</subfield><subfield code="x">7-4366</subfield><subfield code="7">nnas</subfield></datafield><datafield tag="787" ind1="1" ind2=" "><subfield code="o">islandora_article_repository</subfield></datafield><datafield tag="787" ind1="1" ind2=" "><subfield code="o">product_pubag</subfield></datafield><datafield tag="787" ind1="1" ind2=" "><subfield code="o">(Journal)jnl34245</subfield></datafield><datafield tag="856" ind1="4" ind2="0"><subfield code="u">https://dx.doi.org/10.1007/s10457-019-00375-7</subfield><subfield code="3">Available from publisher's site</subfield></datafield><datafield tag="912" ind1=" " ind2=" "><subfield code="a">Article</subfield></datafield><datafield tag="914" ind1=" " ind2=" "><subfield code="a">Journal:jnl34245</subfield><subfield code="b">7-4366</subfield><subfield code="c">94</subfield><subfield code="d">1</subfield><subfield code="e">137</subfield></datafield><datafield tag="914" ind1=" " ind2=" "><subfield code="f">Agroforestry systems</subfield></datafield><datafield tag="916" ind1=" " ind2=" "><subfield code="a">Batch:2472</subfield></datafield><datafield tag="917" ind1=" " ind2=" "><subfield code="a">issued</subfield></datafield><datafield tag="918" ind1="2" ind2=" "><subfield code="a">Springer</subfield><subfield code="e">provider</subfield><subfield code="5">DNAL</subfield></datafield><datafield tag="935" ind1=" " ind2=" "><subfield code="a">IND606833094</subfield><subfield code="9">ExL</subfield></datafield><datafield tag="949" ind1=" " ind2=" "><subfield code="a">2020-06-02</subfield></datafield><datafield tag="953" ind1=" " ind2=" "><subfield code="a">/data/metadata/incoming/springer/ftp_PUB_20-04-22_05-29-11.zip</subfield></datafield><datafield tag="954" ind1=" " ind2=" "><subfield code="a">file:/data/metadata/staging/springer/10457-94-1.xml</subfield></datafield><datafield tag="955" ind1=" " ind2=" "><subfield code="a">/data/metadata/staging/springer/</subfield></datafield><datafield tag="962" ind1=" " ind2=" "><subfield code="a">Batch:2472 reviewed on 2020-06-02T08:57:35Z</subfield></datafield><datafield tag="974" ind1=" " ind2=" "><subfield code="a">agid:6833094</subfield></datafield><datafield tag="983" ind1=" " ind2=" "><subfield code="a">2020-04-22</subfield></datafield><datafield tag="984" ind1=" " ind2=" "><subfield code="a">2020-06-02</subfield></datafield></record>