<record><leader>03923nab a2200649 u 4500</leader><controlfield tag="001">9916333389907426</controlfield><controlfield tag="005">20221118144628.0</controlfield><controlfield tag="008">151127e200707 xx |||||o|||||||||||eng||</controlfield><datafield tag="" ind1="7" ind2=" "><subfield code="a">IND43960830</subfield><subfield code="2">DNAL</subfield></datafield><datafield tag="024" ind1="7" ind2=" "><subfield code="a">10113/9899</subfield><subfield code="2">hdl</subfield></datafield><datafield tag="024" ind1="7" ind2=" "><subfield code="a">10.2193/2006-295</subfield><subfield code="2">doi</subfield></datafield><datafield tag="035" ind1=" " ind2=" "><subfield code="a">agid:9899-01nal_inst</subfield></datafield><datafield tag="040" ind1=" " ind2=" "><subfield code="a">AGL</subfield><subfield code="b">eng</subfield><subfield code="c">AGL</subfield></datafield><datafield tag="100" ind1="1" ind2=" "><subfield code="a">GREENBERG, CATHRYN H.</subfield><subfield code="e">author</subfield><subfield code="u">United States Forest Service, Bent Creek Experimental Forest, 1577 Brevard Road, Asheville, NC 28806, USA</subfield></datafield><datafield tag="245" ind1="1" ind2="2"><subfield code="a">A Rapid Hard-Mast Index From Acorn Presence–– Absence Tallies</subfield></datafield><datafield tag="300" ind1=" " ind2=" "><subfield code="a">p. 1654-1661.</subfield></datafield><datafield tag="520" ind1=" " ind2=" "><subfield code="a">We used 21 years of acorn data from visual surveys of oak (Quercus spp.) trees (n == 20,113) conducted in western North Carolina, USA, to develop predictive equations for hard-mast indices (HMIs) based on the proportion of trees bearing acorns (PBA). We calculated PBA using visual estimates of the percentage of oak crown with acorns (PCA), assigning acorn presence if PCA ≥≥ 33.5%%. The proportion of trees bearing acorns and average PCA were highly correlated, and PBA alone was a successful predictor of HMIs. Precise estimates of PBA (therefore HMIs) at a 95%% confidence level required 139––385 sample trees for each oak subgroup or spatial scale of interest, and the sample size required varied with the true PBA. Substituting this faster, simpler visual survey method for others involving labor-intensive counts of twigs and acorns means that more trees can be sampled (if needed) with less time and effort for improved PBA (therefore HMI) precision. We offer a reliable method for predicting HMIs that are comparable to past HMI estimates for states using the Whitehead (1969) method, thus providing continuity in tracking long-term acorn production patterns. We also developed categories for subjectively ranking acorn crop sizes based on the range of PBA observed during 21 years. We recommend that PBA be adopted by resource management agencies as a standard, stand-alone index of acorn production to ensure comparable data among years and across the eastern United States. A standardized protocol for assigning acorn presence or absence must be used for consistent, comparable regional use of PBA in predicting HMIs or by itself as an index of acorn production.</subfield></datafield><datafield tag="592" ind1=" " ind2=" "><subfield code="a">Publisher supplied data</subfield></datafield><datafield tag="593" ind1=" " ind2=" "><subfield code="a">PubAg article</subfield></datafield><datafield tag="593" ind1=" " ind2=" "><subfield code="c">USDA submission</subfield></datafield><datafield tag="650" ind1=" " ind2="3"><subfield code="a">seeds</subfield></datafield><datafield tag="650" ind1=" " ind2="3"><subfield code="a">forest trees</subfield></datafield><datafield tag="650" ind1=" " ind2="3"><subfield code="a">Quercus</subfield></datafield><datafield tag="650" ind1=" " ind2="3"><subfield code="a">prediction</subfield></datafield><datafield tag="650" ind1=" " ind2="3"><subfield code="a">equations</subfield></datafield><datafield tag="650" ind1=" " ind2="3"><subfield code="a">tree crown</subfield></datafield><datafield tag="650" ind1=" " ind2="3"><subfield code="a">spatial distribution</subfield></datafield><datafield tag="650" ind1=" " ind2="3"><subfield code="a">forest management</subfield></datafield><datafield tag="650" ind1=" " ind2="3"><subfield code="a">surveys</subfield></datafield><datafield tag="650" ind1=" " ind2="3"><subfield code="a">seed productivity</subfield></datafield><datafield tag="651" ind1=" " ind2="3"><subfield code="a">North Carolina</subfield></datafield><datafield tag="653" ind1=" " ind2="0"><subfield code="a">acorn crop</subfield></datafield><datafield tag="653" ind1=" " ind2="0"><subfield code="a">acorn crop prediction</subfield></datafield><datafield tag="653" ind1=" " ind2="0"><subfield code="a">hard-mast index</subfield></datafield><datafield tag="653" ind1=" " ind2="0"><subfield code="a">hard-mast survey</subfield></datafield><datafield tag="653" ind1=" " ind2="0"><subfield code="a">visual survey</subfield></datafield><datafield tag="700" ind1="1" ind2=" "><subfield code="a">WARBURTON, GORDON S.</subfield><subfield code="e">author</subfield><subfield code="u">North Carolina Wildlife Resources Commission, 783 Deep Woods Drive, Marion, NC 28752, USA</subfield></datafield><datafield tag="773" ind1="0" ind2=" "><subfield code="t">journal of wildlife management.</subfield><subfield code="g">2007 July, v. 71, no. 5 p.1654-1661</subfield><subfield code="d">The Wildlife Society</subfield><subfield code="x">0022-541X</subfield><subfield code="7">nnas</subfield></datafield><datafield tag="787" ind1="1" ind2=" "><subfield code="o">product_pubag</subfield></datafield><datafield tag="787" ind1="1" ind2=" "><subfield code="o">islandora_article_repository</subfield></datafield><datafield tag="787" ind1="1" ind2=" "><subfield code="o">islandora_pubag_with_text</subfield></datafield><datafield tag="787" ind1="1" ind2=" "><subfield code="o">(Journal)jnl46144</subfield></datafield><datafield tag="856" ind1="4" ind2="0"><subfield code="u">https://handle.nal.usda.gov/10113/9899</subfield><subfield code="3">Available in the National Agricultural Library PubAg search system</subfield></datafield><datafield tag="856" ind1="4" ind2="0"><subfield code="u">http://dx.doi.org/10.2193%2F2006-295</subfield><subfield code="3">Available from publisher's site</subfield></datafield><datafield tag="912" ind1=" " ind2=" "><subfield code="a">Article</subfield></datafield><datafield tag="914" ind1=" " ind2=" "><subfield code="a">Journal:jnl46144</subfield><subfield code="b">0022-541X</subfield><subfield code="c">71</subfield><subfield code="d">5</subfield><subfield code="e">1654</subfield></datafield><datafield tag="914" ind1=" " ind2=" "><subfield code="f">journal of wildlife management</subfield></datafield><datafield tag="917" ind1=" " ind2=" "><subfield code="a">issued</subfield></datafield><datafield tag="918" ind1="2" ind2=" "><subfield code="a">BioOne</subfield><subfield code="e">provider</subfield><subfield code="5">DNAL</subfield></datafield><datafield tag="935" ind1=" " ind2=" "><subfield code="a">IND43960830</subfield><subfield code="9">ExL</subfield></datafield><datafield tag="949" ind1=" " ind2=" "><subfield code="a">2014-07-17</subfield></datafield><datafield tag="953" ind1=" " ind2=" "><subfield code="a">WILDv71i5-04290120-175329.zip</subfield></datafield><datafield tag="961" ind1=" " ind2=" "><subfield code="a">USDA/FS</subfield></datafield><datafield tag="974" ind1=" " ind2=" "><subfield code="a">agid:9899</subfield></datafield><datafield tag="983" ind1=" " ind2=" "><subfield code="a">2015-11-27</subfield></datafield><datafield tag="984" ind1=" " ind2=" "><subfield code="a">2015-11-27</subfield></datafield><datafield tag="986" ind1=" " ind2=" "><subfield code="a">3960830</subfield></datafield></record>