<record><leader>04511nab a2200649 u 4500</leader><controlfield tag="001">9916333390607426</controlfield><controlfield tag="005">20221118144602.0</controlfield><controlfield tag="008">151105e20130703xx |||||o|||||||||||eng||</controlfield><datafield tag="" ind1="7" ind2=" "><subfield code="a">IND601262462</subfield><subfield code="2">DNAL</subfield></datafield><datafield tag="024" ind1="7" ind2=" "><subfield code="a">10.1643/CE-12-051</subfield><subfield code="2">doi</subfield></datafield><datafield tag="035" ind1=" " ind2=" "><subfield code="a">agid:1262462-01nal_inst</subfield></datafield><datafield tag="040" ind1=" " ind2=" "><subfield code="a">AGL</subfield><subfield code="b">eng</subfield><subfield code="c">AGL</subfield></datafield><datafield tag="100" ind1="1" ind2=" "><subfield code="a">Belasen, Anat</subfield><subfield code="e">author</subfield><subfield code="u">School of Natural Resources and Environment, 440 Church Street, University of Michigan, Ann Arbor, Michigan 48103; E-mail: (AB). Send reprint requests to AB.</subfield></datafield><datafield tag="245" ind1="1" ind2="0"><subfield code="a">Effect of Sub-Canopy on Habitat Selection in the Blue-spotted Salamander (Ambystoma laterale-jeffersonianum unisexual complex)</subfield></datafield><datafield tag="300" ind1=" " ind2=" "><subfield code="a">p. 254-261.</subfield></datafield><datafield tag="520" ind1=" " ind2=" "><subfield code="a">Elucidating the mechanisms that influence spatial distribution patterns is vital to understanding how populations persist. We examined distribution in one of the most common salamanders in southeastern Michigan, the Blue-spotted Salamander (Ambystoma laterale-jeffersonianum unisexual complex). Three major tree species dominate the sub-canopy in the study site and form monospecific patches, which may have an effect on the distribution of terrestrial phases of local amphibian species. To examine this, we tested whether adult salamanders are significantly associated negatively or positively with patches of particular tree species. We then examined two potential causal factors: habitat quality, using leaf litter macroinvertebrate biomass as a proxy, and behavioral site choice in the Blue-spotted Salamander. We found that this species is positively associated with patches of red maple and negatively associated with patches of black cherry. We also found that, when presented with a choice, salamanders choose red maple leaf litter over black cherry leaf litter. In the absence of differences in physical leaf litter characteristics between patches of red maple and black cherry, we suggest that the Blue-spotted Salamander may be utilizing chemical cues to select habitat. Our findings imply that salamander populations may be affected not only by habitat loss, but also by changes in forest composition. These results provide evidence for a more complex model than the traditional amphibian metapopulation concept, where even fully forested habitat may form a matrix of optimal and sub-optimal, or even intolerable, patches.</subfield></datafield><datafield tag="592" ind1=" " ind2=" "><subfield code="a">Publisher supplied data</subfield></datafield><datafield tag="593" ind1=" " ind2=" "><subfield code="a">PubAg article</subfield></datafield><datafield tag="650" ind1=" " ind2="3"><subfield code="a">Acer rubrum</subfield></datafield><datafield tag="650" ind1=" " ind2="3"><subfield code="a">Acer saccharum subsp. nigrum</subfield></datafield><datafield tag="650" ind1=" " ind2="3"><subfield code="a">Ambystoma</subfield></datafield><datafield tag="650" ind1=" " ind2="3"><subfield code="a">Prunus serotina</subfield></datafield><datafield tag="650" ind1=" " ind2="3"><subfield code="a">adults</subfield></datafield><datafield tag="650" ind1=" " ind2="3"><subfield code="a">biomass</subfield></datafield><datafield tag="650" ind1=" " ind2="3"><subfield code="a">forest habitats</subfield></datafield><datafield tag="650" ind1=" " ind2="3"><subfield code="a">forests</subfield></datafield><datafield tag="650" ind1=" " ind2="3"><subfield code="a">habitat destruction</subfield></datafield><datafield tag="650" ind1=" " ind2="3"><subfield code="a">habitat preferences</subfield></datafield><datafield tag="650" ind1=" " ind2="3"><subfield code="a">macroinvertebrates</subfield></datafield><datafield tag="650" ind1=" " ind2="3"><subfield code="a">models</subfield></datafield><datafield tag="650" ind1=" " ind2="3"><subfield code="a">plant litter</subfield></datafield><datafield tag="650" ind1=" " ind2="3"><subfield code="a">salamanders and newts</subfield></datafield><datafield tag="650" ind1=" " ind2="3"><subfield code="a">trees</subfield></datafield><datafield tag="651" ind1=" " ind2="3"><subfield code="a">Michigan</subfield></datafield><datafield tag="700" ind1="1" ind2=" "><subfield code="a">Burkett, Erin</subfield><subfield code="e">author</subfield><subfield code="u">School of Natural Resources and Environment, 440 Church Street, University of Michigan, Ann Arbor, Michigan 48103; E-mail: (AB). Send reprint requests to AB.</subfield></datafield><datafield tag="700" ind1="1" ind2=" "><subfield code="a">Injaian, Allison</subfield><subfield code="e">author</subfield><subfield code="u">Department of Ecology and Evolutionary Biology, 830 North University Avenue, University of Michigan, Ann Arbor, Michigan 48103</subfield></datafield><datafield tag="700" ind1="1" ind2=" "><subfield code="a">Li, Kevin</subfield><subfield code="e">author</subfield><subfield code="u">School of Natural Resources and Environment, 440 Church Street, University of Michigan, Ann Arbor, Michigan 48103; E-mail: (AB). Send reprint requests to AB.</subfield></datafield><datafield tag="700" ind1="1" ind2=" "><subfield code="a">Allen, David</subfield><subfield code="e">author</subfield><subfield code="u">Department of Biology, 276 Bicentennial Way, Middlebury College, Middlebury, Vermont 05753</subfield></datafield><datafield tag="700" ind1="1" ind2=" "><subfield code="a">Perfecto, Ivette</subfield><subfield code="e">author</subfield><subfield code="u">School of Natural Resources and Environment, 440 Church Street, University of Michigan, Ann Arbor, Michigan 48103; E-mail: (AB). Send reprint requests to AB.</subfield></datafield><datafield tag="773" ind1="0" ind2=" "><subfield code="t">Copeia.</subfield><subfield code="g">2013 July 3, v. 2013, no. 2 p.254-261</subfield><subfield code="d">The American Society of Ichthyologists and Herpetologists</subfield><subfield code="x">0045-8511</subfield><subfield code="7">nnas</subfield></datafield><datafield tag="787" ind1="1" ind2=" "><subfield code="o">islandora_article_repository</subfield></datafield><datafield tag="787" ind1="1" ind2=" "><subfield code="o">product_pubag</subfield></datafield><datafield tag="787" ind1="1" ind2=" "><subfield code="o">(Journal)19631</subfield></datafield><datafield tag="856" ind1="4" ind2="0"><subfield code="u">http://dx.doi.org/10.1643%2FCE-12-051</subfield><subfield code="3">Available from publisher's site</subfield></datafield><datafield tag="912" ind1=" " ind2=" "><subfield code="a">Article</subfield></datafield><datafield tag="914" ind1=" " ind2=" "><subfield code="a">Journal:19631</subfield><subfield code="b">0045-8511</subfield><subfield code="c">2013</subfield><subfield code="d">2</subfield><subfield code="e">254</subfield></datafield><datafield tag="914" ind1=" " ind2=" "><subfield code="f">Copeia</subfield></datafield><datafield tag="916" ind1=" " ind2=" "><subfield code="a">Batch:1367</subfield></datafield><datafield tag="917" ind1=" " ind2=" "><subfield code="a">issued</subfield></datafield><datafield tag="918" ind1="2" ind2=" "><subfield code="a">BioOne</subfield><subfield code="e">provider</subfield><subfield code="5">DNAL</subfield></datafield><datafield tag="935" ind1=" " ind2=" "><subfield code="a">IND601262462</subfield><subfield code="9">ExL</subfield></datafield><datafield tag="949" ind1=" " ind2=" "><subfield code="a">2-07-27</subfield></datafield><datafield tag="953" ind1=" " ind2=" "><subfield code="a">COPEv2013i2-07091120-312234.zip</subfield></datafield><datafield tag="962" ind1=" " ind2=" "><subfield code="a">Batch:1367 reviewed on 2-07-27T04:00:03Z</subfield></datafield><datafield tag="974" ind1=" " ind2=" "><subfield code="a">agid:1262462</subfield></datafield><datafield tag="983" ind1=" " ind2=" "><subfield code="a">2015-11-05</subfield></datafield><datafield tag="984" ind1=" " ind2=" "><subfield code="a">2-07-27</subfield></datafield></record>