<record><leader>05921nab a2200613 u 4500</leader><controlfield tag="001">9916333794507426</controlfield><controlfield tag="005">20221118145057.0</controlfield><controlfield tag="008">090710e20090730xx |||||o|||||||||||eng||</controlfield><datafield tag="" ind1="7" ind2=" "><subfield code="a">IND44230035</subfield><subfield code="2">DNAL</subfield></datafield><datafield tag="024" ind1="7" ind2=" "><subfield code="a">10.1/j.foreco.2009.01.005</subfield><subfield code="2">doi</subfield></datafield><datafield tag="035" ind1=" " ind2=" "><subfield code="a">agid:759809-01nal_inst</subfield></datafield><datafield tag="040" ind1=" " ind2=" "><subfield code="a">AGL</subfield><subfield code="b">eng</subfield><subfield code="c">AGL</subfield></datafield><datafield tag="072" ind1=" " ind2="0"><subfield code="a">F300</subfield></datafield><datafield tag="072" ind1=" " ind2="0"><subfield code="a">L300</subfield></datafield><datafield tag="072" ind1=" " ind2="0"><subfield code="a">K200</subfield></datafield><datafield tag="100" ind1="1" ind2=" "><subfield code="a">Loyn, Richard H.</subfield></datafield><datafield tag="245" ind1="1" ind2="0"><subfield code="a">Designing old forest for the future: Old trees as habitat for birds in forests of Mountain Ash Eucalyptus regnans</subfield></datafield><datafield tag="300" ind1=" " ind2=" "><subfield code="a">p. 504-515.</subfield></datafield><datafield tag="500" ind1=" " ind2=" "><subfield code="a">Includes references</subfield></datafield><datafield tag="520" ind1=" " ind2=" "><subfield code="a">Old trees are one of many habitat attributes associated with old forests. They are known to be required by many wildlife species including cavity-dependent birds. Forest managers need to select strategies for retaining and regrowing old trees to maintain suitable numbers over time at appropriate configurations in the forest landscape. This paper presents data from wet forests in south-eastern Australia to help elucidate the effects of different strategies on forest birds as one element of biodiversity that needs to be conserved in these forests. Bird abundance was assessed by standard area search at 117 sites in forests of Mountain Ash Eucalyptus regnans in the Victorian Central Highlands, over the course of two spring-summer breeding seasons from 1996 to 1998. The sites contained 60-year regrowth from extensive wildfires in 1939, along with varying numbers of older trees that had survived the fire. Some of the old trees were dead and at varying stages of decay. Numbers of old trees were counted at each site and a range of other habitat measurements taken. Birds were considered by species or guilds of species (feeding and nesting guilds). Bird abundance data were regressed against numbers of old trees and other relevant habitat data. Cavity-nesting birds were positively related to numbers of old trees, and especially to those that remained alive. Bird species that nest in longitudinal cavities in small branches (spouts) were rare at sites that lacked old trees, and were related strongly to numbers of live old trees. Large cavity-nesters were related to numbers of live old trees or all old trees. Treecreepers correlated less strongly, perhaps because they use cavities in decaying snags and stumps as well as large old trees. Honeyeaters and Mistletoe birds were also positively associated with numbers of live old trees, although they do not need cavities. Total bird abundance was positively related to live, dead or all old trees. Several other relationships were found. For example, shrub foragers were related positively to abundance of tall shrubs but not low shrubs; wattle foragers were related positively to abundance of wattles (especially Silver Wattles Acacia dealbata); and Eastern Spinebills Acanthorhynchus tenuirostris were positively associated with abundance of Mountain Correa Correa lawrenciana (the flowers of which provide a major source of nectar). Non-linear relationships between bird abundance and densities of old trees were found for at least two cavity-nesting bird species. The relationship was convex for Striated Pardalote Pardalotus striatus (optimum density 5-12 live old trees/ha) and mildly concave for Crimson Rosella Platycercus elegans. This suggests that the former would benefit from strategies to disperse old trees among regrowth at suitable scales whereas the latter would benefit from strategies to produce clumped distributions of old trees. However, Striated Pardalotes showed a strong preference for live old trees, which cannot easily be kept alive among regrowth after logging or fire, suggesting clumped retention may be more practical for that species too. Three other species showed weak evidence of non-linear responses, but most species showed no significant evidence of departure from linearity. No species or guild showed strong evidence of a threshold level of old tree density (above ~1ha⁻¹) below which those birds would not occur. Hence for most of the diurnal birds considered in this study, old trees appear to be useful in proportion to the overall number of suitable old trees that can be retained and regrown (rather than their spatial pattern), and especially the number that can be kept alive. Clumped retention strategies give the best chance of keeping many retained trees alive in retained patches. Otherwise, spacing patterns should be a secondary consideration, except where they are known to be important for species such as owls and arboreal mammals.</subfield></datafield><datafield tag="593" ind1=" " ind2=" "><subfield code="a">PubAg article</subfield></datafield><datafield tag="650" ind1=" " ind2="3"><subfield code="a">old-growth forests</subfield></datafield><datafield tag="650" ind1=" " ind2="3"><subfield code="a">wildlife habitats</subfield></datafield><datafield tag="650" ind1=" " ind2="3"><subfield code="a">wild birds</subfield></datafield><datafield tag="650" ind1=" " ind2="3"><subfield code="a">habitat preferences</subfield></datafield><datafield tag="650" ind1=" " ind2="3"><subfield code="a">tree cavities</subfield></datafield><datafield tag="650" ind1=" " ind2="3"><subfield code="a">forest management</subfield></datafield><datafield tag="650" ind1=" " ind2="3"><subfield code="a">tree age</subfield></datafield><datafield tag="650" ind1=" " ind2="3"><subfield code="a">forest trees</subfield></datafield><datafield tag="650" ind1=" " ind2="3"><subfield code="a">density</subfield></datafield><datafield tag="650" ind1=" " ind2="3"><subfield code="a">spatial distribution</subfield></datafield><datafield tag="650" ind1=" " ind2="3"><subfield code="a">forest-wildlife relations</subfield></datafield><datafield tag="651" ind1=" " ind2="3"><subfield code="a">Australia</subfield></datafield><datafield tag="700" ind1="1" ind2=" "><subfield code="a">Kennedy, Simon J.</subfield></datafield><datafield tag="773" ind1="0" ind2=" "><subfield code="t">Forest ecology and management.</subfield><subfield code="g">2009 July 30, v. 258, no. 4 p.504-515</subfield><subfield code="d">Elsevier Science</subfield><subfield code="x">0378-1127</subfield><subfield code="7">nnas</subfield></datafield><datafield tag="787" ind1="1" ind2=" "><subfield code="o">islandora_article_repository</subfield></datafield><datafield tag="787" ind1="1" ind2=" "><subfield code="o">product_pubag</subfield></datafield><datafield tag="787" ind1="1" ind2=" "><subfield code="o">(Journal)jnl9013</subfield></datafield><datafield tag="852" ind1=" " ind2=" "><subfield code="a">DNAL</subfield></datafield><datafield tag="856" ind1="4" ind2="0"><subfield code="u">http://dx.doi.org/10.1/j.foreco.2009.01.005</subfield><subfield code="3">Available from publisher's Web site</subfield></datafield><datafield tag="912" ind1=" " ind2=" "><subfield code="a">Article</subfield></datafield><datafield tag="914" ind1=" " ind2=" "><subfield code="a">Journal:jnl9013</subfield><subfield code="b">0378-1127</subfield><subfield code="c">258</subfield><subfield code="d">4</subfield><subfield code="e">504</subfield></datafield><datafield tag="914" ind1=" " ind2=" "><subfield code="f">Forest ecology and management</subfield></datafield><datafield tag="917" ind1=" " ind2=" "><subfield code="a">issued</subfield></datafield><datafield tag="930" ind1=" " ind2=" "><subfield code="a">20090718</subfield><subfield code="b">20090801</subfield><subfield code="c">00000000</subfield></datafield><datafield tag="935" ind1=" " ind2=" "><subfield code="a">IND44230035</subfield><subfield code="9">ExL</subfield></datafield><datafield tag="945" ind1=" " ind2=" "><subfield code="a">IND</subfield><subfield code="d">LYN</subfield><subfield code="e">2009/07/18</subfield></datafield><datafield tag="946" ind1=" " ind2=" "><subfield code="a">Non-US</subfield></datafield><datafield tag="949" ind1=" " ind2=" "><subfield code="a">2014-07-17</subfield></datafield><datafield tag="952" ind1=" " ind2=" "><subfield code="a">20090718 20090801 00000000</subfield><subfield code="b">IND LYN 2009/07/18</subfield></datafield><datafield tag="974" ind1=" " ind2=" "><subfield code="a">agid:759809</subfield></datafield><datafield tag="984" ind1=" " ind2=" "><subfield code="a">2014-07-25</subfield></datafield><datafield tag="985" ind1=" " ind2=" "><subfield code="a">Converted from MARCXML to MODS version 3.4 using MARC21slim2MODS3-4.xsl (Revision 1.95 2014/04/23)</subfield></datafield><datafield tag="986" ind1=" " ind2=" "><subfield code="a">4230035</subfield></datafield></record>