<record><leader>03275nab a2200565 u 4500</leader><controlfield tag="001">9916333814707426</controlfield><controlfield tag="005">20221118153247.0</controlfield><controlfield tag="008">180103e201705 xx |||||o|||||||||||eng||</controlfield><datafield tag="" ind1="7" ind2=" "><subfield code="a">IND605882598</subfield><subfield code="2">DNAL</subfield></datafield><datafield tag="024" ind1="7" ind2=" "><subfield code="a">10.1111/icad.12218</subfield><subfield code="2">doi</subfield></datafield><datafield tag="035" ind1=" " ind2=" "><subfield code="a">agid:5882598-01nal_inst</subfield></datafield><datafield tag="040" ind1=" " ind2=" "><subfield code="a">AGL</subfield><subfield code="b">eng</subfield><subfield code="c">AGL</subfield></datafield><datafield tag="100" ind1="1" ind2=" "><subfield code="a">Fabritius, Henna</subfield><subfield code="e">author</subfield><subfield code="u">Department of Biosciences, University of Helsinki, Helsinki, Finland</subfield></datafield><datafield tag="245" ind1="1" ind2="0"><subfield code="a">Modelling habitat persistence and impacts of management on the habitats of an endangered butterfly</subfield></datafield><datafield tag="300" ind1=" " ind2=" "><subfield code="a">p. 200-210.</subfield></datafield><datafield tag="500" ind1=" " ind2=" "><subfield code="a">JOURNAL ARTICLE</subfield></datafield><datafield tag="520" ind1=" " ind2=" "><subfield code="a">In dynamic landscapes, effective species conservation requires an understanding of the spatial and temporal dynamics of species’ habitats. In this study, vegetation data across differently aged sites, site management history data and expert elicitation are used to estimate (i) expected habitat patch lifetimes and (ii) the impacts of habitat management history on how habitat quality changes through time for an early‐successional habitat specialist, the endangered false heath fritillary butterfly (Melitaea diamina). Results demonstrate the accelerated temporal dynamics experienced by false heath fritillary habitats, with the quality of false heath fritillary habitats peaking 2–3 years after management, and a median‐sized habitat patch initially without tree cover predicted to become unsuitable 15 years after management due to overgrowth. As a co‐product of habitat management patterns, habitat succession and land use changes, non‐conserved false heath fritillary habitats had an expected lifetime of 13.1 years. This study demonstrates a method that can be used to estimate habitat network dynamics for an early‐successional habitat specialist economically in situations where the urgency of conservation challenges favours fast decision‐making.</subfield></datafield><datafield tag="592" ind1=" " ind2=" "><subfield code="a">Publisher supplied data</subfield></datafield><datafield tag="593" ind1=" " ind2=" "><subfield code="a">PubAg article</subfield></datafield><datafield tag="650" ind1=" " ind2="3"><subfield code="a">butterflies</subfield></datafield><datafield tag="650" ind1=" " ind2="3"><subfield code="a">coproducts</subfield></datafield><datafield tag="650" ind1=" " ind2="3"><subfield code="a">decision making</subfield></datafield><datafield tag="650" ind1=" " ind2="3"><subfield code="a">expert opinion</subfield></datafield><datafield tag="650" ind1=" " ind2="3"><subfield code="a">habitat conservation</subfield></datafield><datafield tag="650" ind1=" " ind2="3"><subfield code="a">habitats</subfield></datafield><datafield tag="650" ind1=" " ind2="3"><subfield code="a">land use change</subfield></datafield><datafield tag="650" ind1=" " ind2="3"><subfield code="a">landscapes</subfield></datafield><datafield tag="650" ind1=" " ind2="3"><subfield code="a">models</subfield></datafield><datafield tag="650" ind1=" " ind2="3"><subfield code="a">temporal variation</subfield></datafield><datafield tag="650" ind1=" " ind2="3"><subfield code="a">trees</subfield></datafield><datafield tag="650" ind1=" " ind2="3"><subfield code="a">vegetation</subfield></datafield><datafield tag="700" ind1="1" ind2=" "><subfield code="a">McBride, Marissa</subfield><subfield code="e">author</subfield><subfield code="u">Department of Biosciences, University of Helsinki, Helsinki, Finland</subfield></datafield><datafield tag="773" ind1="0" ind2=" "><subfield code="t">Insect conservation and diversity.</subfield><subfield code="g">2017 May, v. 10, no. 3 p.200-210</subfield><subfield code="d">John Wiley &amp; Sons, Ltd</subfield><subfield code="w">Journal:J000000087</subfield><subfield code="x">1752-458X</subfield><subfield code="7">nnas</subfield></datafield><datafield tag="787" ind1="1" ind2=" "><subfield code="o">islandora_article_repository</subfield></datafield><datafield tag="787" ind1="1" ind2=" "><subfield code="o">product_pubag</subfield></datafield><datafield tag="787" ind1="1" ind2=" "><subfield code="o">(Journal)J000000087</subfield></datafield><datafield tag="856" ind1="4" ind2="0"><subfield code="u">http://dx.doi.org/10.1111/icad.12218</subfield><subfield code="3">Available from publisher's site</subfield></datafield><datafield tag="912" ind1=" " ind2=" "><subfield code="a">Article</subfield></datafield><datafield tag="914" ind1=" " ind2=" "><subfield code="a">Journal:J000000087</subfield><subfield code="b">1752-458X</subfield><subfield code="c">10</subfield><subfield code="d">3</subfield><subfield code="e">200</subfield></datafield><datafield tag="914" ind1=" " ind2=" "><subfield code="f">Insect conservation and diversity</subfield></datafield><datafield tag="916" ind1=" " ind2=" "><subfield code="a">Batch:1910</subfield></datafield><datafield tag="917" ind1=" " ind2=" "><subfield code="a">issued</subfield></datafield><datafield tag="918" ind1="2" ind2=" "><subfield code="a">John Wiley &amp; Sons, Inc</subfield><subfield code="e">provider</subfield><subfield code="5">DNAL</subfield></datafield><datafield tag="935" ind1=" " ind2=" "><subfield code="a">IND605882598</subfield><subfield code="9">ExL</subfield></datafield><datafield tag="949" ind1=" " ind2=" "><subfield code="a">2018-02-28</subfield></datafield><datafield tag="953" ind1=" " ind2=" "><subfield code="a">1752458X_2017_10_3.xml</subfield></datafield><datafield tag="962" ind1=" " ind2=" "><subfield code="a">Batch:1910 reviewed on 2018-02-28T15:00:02Z</subfield></datafield><datafield tag="974" ind1=" " ind2=" "><subfield code="a">agid:5882598</subfield></datafield><datafield tag="983" ind1=" " ind2=" "><subfield code="a">2018-01-03</subfield></datafield><datafield tag="984" ind1=" " ind2=" "><subfield code="a">2018-02-28</subfield></datafield></record>