<record><leader>04503nab a2200625 u 4500</leader><controlfield tag="001">9916333835407426</controlfield><controlfield tag="005">20221118153333.0</controlfield><controlfield tag="008">220222e20220315xx |||||o|||||||||||eng||</controlfield><datafield tag="" ind1="7" ind2=" "><subfield code="a">IND607610741</subfield><subfield code="2">DNAL</subfield></datafield><datafield tag="024" ind1="7" ind2=" "><subfield code="a">10.1/j.scitotenv.2021.152586</subfield><subfield code="2">doi</subfield></datafield><datafield tag="035" ind1=" " ind2=" "><subfield code="a">agid:7610741-01nal_inst</subfield></datafield><datafield tag="040" ind1=" " ind2=" "><subfield code="a">AGL</subfield><subfield code="b">eng</subfield><subfield code="c">AGL</subfield></datafield><datafield tag="100" ind1="1" ind2=" "><subfield code="a">Inácio, Miguel</subfield><subfield code="e">author</subfield><subfield code="u">Environmental Management Laboratory, Mykolas Romeris University, Vilnius, Lithuania</subfield></datafield><datafield tag="245" ind1="1" ind2="0"><subfield code="a">Mapping and assessment of future changes in the coastal and marine ecosystem services supply in Lithuania</subfield></datafield><datafield tag="520" ind1=" " ind2=" "><subfield code="a">Assessing and mapping ecosystem services (ES) became an integral part of coastal and marine management practices. Hence, quantitative and validated approaches are lacking, especially to address future conditions. The objective of this study is to apply further existing and develop new methodological frameworks to quantitatively assess and map the current and future supply of 3 ES in the coastal zone of Lithuania: coastal flood protection, nutrient regulation, and maintenance of nursery conditions. For coastal flood ES modelling, 2 time periods (1990 and 2018) and 4 scenarios (A0, A1 A2, A3 - based on future socio-economic changes in Lithuania) were analysed. The coastal flood protection ES model was validated (r² = 0.30) using tree cover density. The results showed spatial differences among the analysed periods but no statistical differences. High supply areas are located in the southern coastal area, while the central part displays a low supply. For nutrient regulation and maintenance of nursery conditions, 7 time periods were analysed: a historical period and 6 scenarios based on Representative Concentration Pathway 4.5 and 8.5 and 3 Shared Socioeconomic Pathways. The nutrient regulation ES model was validated (r² = 0.85) using in situ nutrient. Statistical differences were observed for this ES, but a similar spatial distribution of high and low supply areas. A decrease in the supply was observed comparing the historical period and future scenarios. Maintenance of nursery conditions was validated (r² = 0.72) based on the protection status of the coastal zone. Results show no statistical differences and similar spatial patterns among the periods. Rocky and sandbank areas show a high supply for this ES. Limitations of our work are mainly related to the resolution of the utilised indicators. Nevertheless, the information obtained from our models can support spatial planning and decision-making processes.</subfield></datafield><datafield tag="592" ind1=" " ind2=" "><subfield code="a">Publisher supplied data</subfield></datafield><datafield tag="593" ind1=" " ind2=" "><subfield code="a">PubAg article</subfield></datafield><datafield tag="650" ind1=" " ind2="3"><subfield code="a">coasts</subfield></datafield><datafield tag="650" ind1=" " ind2="3"><subfield code="a">decision making</subfield></datafield><datafield tag="650" ind1=" " ind2="3"><subfield code="a">environment</subfield></datafield><datafield tag="650" ind1=" " ind2="3"><subfield code="a">flood control</subfield></datafield><datafield tag="650" ind1=" " ind2="3"><subfield code="a">marine ecosystems</subfield></datafield><datafield tag="650" ind1=" " ind2="3"><subfield code="a">models</subfield></datafield><datafield tag="650" ind1=" " ind2="3"><subfield code="a">socioeconomics</subfield></datafield><datafield tag="650" ind1=" " ind2="3"><subfield code="a">trees</subfield></datafield><datafield tag="651" ind1=" " ind2="3"><subfield code="a">Lithuania</subfield></datafield><datafield tag="653" ind1=" " ind2="0"><subfield code="a">Human wellbeing</subfield></datafield><datafield tag="653" ind1=" " ind2="0"><subfield code="a">Ecosystem modelling</subfield></datafield><datafield tag="653" ind1=" " ind2="0"><subfield code="a">Climate change</subfield></datafield><datafield tag="653" ind1=" " ind2="0"><subfield code="a">Coastal protection</subfield></datafield><datafield tag="653" ind1=" " ind2="0"><subfield code="a">Baltic Sea</subfield></datafield><datafield tag="653" ind1=" " ind2="0"><subfield code="a">Indicators</subfield></datafield><datafield tag="700" ind1="1" ind2=" "><subfield code="a">Karnauskaitė, Donalda</subfield><subfield code="e">author</subfield><subfield code="u">Environmental Management Laboratory, Mykolas Romeris University, Vilnius, Lithuania</subfield></datafield><datafield tag="700" ind1="1" ind2=" "><subfield code="a">Gomes, Eduardo</subfield><subfield code="e">author</subfield><subfield code="u">Environmental Management Laboratory, Mykolas Romeris University, Vilnius, Lithuania</subfield></datafield><datafield tag="700" ind1="1" ind2=" "><subfield code="a">Barceló, Damià</subfield><subfield code="e">author</subfield><subfield code="u">Institute of Environmental Assessment and Water Research (IDAEA-CSIC), Barcelona, Catalonia, Spain</subfield></datafield><datafield tag="700" ind1="1" ind2=" "><subfield code="a">Pereira, Paulo</subfield><subfield code="e">author</subfield><subfield code="u">Environmental Management Laboratory, Mykolas Romeris University, Vilnius, Lithuania</subfield></datafield><datafield tag="773" ind1="0" ind2=" "><subfield code="t">Science of the total environment.</subfield><subfield code="g">2022 Mar. 15, v. 812 p.152586-</subfield><subfield code="d">Elsevier B.V.</subfield><subfield code="w">Journal:jnl4455</subfield><subfield code="x">0048-9697</subfield><subfield code="7">nnas</subfield></datafield><datafield tag="787" ind1="1" ind2=" "><subfield code="o">islandora_article_repository</subfield></datafield><datafield tag="787" ind1="1" ind2=" "><subfield code="o">product_pubag</subfield></datafield><datafield tag="787" ind1="1" ind2=" "><subfield code="o">(Journal)jnl4455</subfield></datafield><datafield tag="856" ind1="4" ind2="0"><subfield code="u">https://dx.doi.org/10.1/j.scitotenv.2021.152586</subfield><subfield code="3">Available from publisher's site</subfield></datafield><datafield tag="912" ind1=" " ind2=" "><subfield code="a">Article</subfield></datafield><datafield tag="914" ind1=" " ind2=" "><subfield code="a">Journal:jnl4455</subfield><subfield code="b">0048-9697</subfield><subfield code="e">152586</subfield></datafield><datafield tag="914" ind1=" " ind2=" "><subfield code="f">Science of the total environment</subfield></datafield><datafield tag="916" ind1=" " ind2=" "><subfield code="a">Batch:10220</subfield></datafield><datafield tag="917" ind1=" " ind2=" "><subfield code="a">issued</subfield></datafield><datafield tag="918" ind1="2" ind2=" "><subfield code="a">Elsevier Consyn</subfield><subfield code="e">provider</subfield><subfield code="5">DNAL</subfield></datafield><datafield tag="935" ind1=" " ind2=" "><subfield code="a">IND607610741</subfield><subfield code="9">ExL</subfield></datafield><datafield tag="949" ind1=" " ind2=" "><subfield code="a">2022-02-23</subfield></datafield><datafield tag="953" ind1=" " ind2=" "><subfield code="a">/data/metadata/incoming/consyn/182104505254470091-00001-HEAD-ONLY-NEW CONSYN ISSNS.zip</subfield></datafield><datafield tag="954" ind1=" " ind2=" "><subfield code="a">file:/data/metadata/staging/consyn/S0048969721076646.xml</subfield></datafield><datafield tag="955" ind1=" " ind2=" "><subfield code="a">/data/metadata/staging/consyn/</subfield></datafield><datafield tag="974" ind1=" " ind2=" "><subfield code="a">agid:7610741</subfield></datafield><datafield tag="983" ind1=" " ind2=" "><subfield code="a">2022-02-22</subfield></datafield><datafield tag="984" ind1=" " ind2=" "><subfield code="a">2022-02-22</subfield></datafield></record>