<record><leader>04005nab a2200613 u 4500</leader><controlfield tag="001">9916333861107426</controlfield><controlfield tag="005">20221118152032.0</controlfield><controlfield tag="008">080613e200807 xx |||||o|||||||||||eng||</controlfield><datafield tag="" ind1="7" ind2=" "><subfield code="a">IND44067084</subfield><subfield code="2">DNAL</subfield></datafield><datafield tag="024" ind1="7" ind2=" "><subfield code="a">10.1111/j.1365-2745.2008.01364.x</subfield><subfield code="2">doi</subfield></datafield><datafield tag="035" ind1=" " ind2=" "><subfield code="a">agid:2052433-01nal_inst</subfield></datafield><datafield tag="040" ind1=" " ind2=" "><subfield code="a">AGL</subfield><subfield code="b">eng</subfield><subfield code="c">AGL</subfield></datafield><datafield tag="100" ind1="1" ind2=" "><subfield code="a">Hampe, Arndt</subfield></datafield><datafield tag="245" ind1="1" ind2="0"><subfield code="a">Spatio-temporal dynamics and local hotspots of initial recruitment in vertebrate-dispersed trees</subfield></datafield><datafield tag="300" ind1=" " ind2=" "><subfield code="a">p. 668-678.</subfield></datafield><datafield tag="520" ind1=" " ind2=" "><subfield code="a">1. Initial recruitment, or the arrival and establishment of propagules, is the most variable period in the life cycle of long-lived plants, and the extent to which studies of initial recruitment can be used to predict patterns of regeneration remains unresolved. 2. We investigated the spatio-temporal dynamics of initial recruitment across five populations of three fleshy-fruited tree species from contrasting environments. Among-year variation in total seedfall, dispersed seedfall and seedling distributions was examined using analytical approaches that are new to the field and that explicitly incorporate space and allow comparisons among studies. 3. Observed patterns ranged from remarkable across-year consistency in seedfall distributions and strong spatial coupling between seed and seedling stages to extensive variation and almost complete independence of stages. Spatial distributions of frugivore-mediated seedfall were markedly more consistent than those of the total seedfall in two of the five populations. Seedling distributions were generally more variable among years than seedfall distributions. 4. All populations showed a positive relationship between the long-term mean density of recruitment at a given microsite and its year-to-year consistency. This relationship remained valid when considering only microsites away from fruiting tree canopies (i.e. those receiving actually dispersed seeds), and was virtually independent of their distance to the nearest fruiting tree. 5. Synthesis. Our results point to the existence of some general rules behind the idiosyncratic recruitment dynamics of perennial plant populations, which should help with projecting spatial patterns of plant establishment in long-lived species. In particular, those microsites that combine a great intensity with a high year-to-year consistency of recruitment should represent potential regeneration 'hotspots' whose identification and characterization can be of great use for the management and conservation of naturally regenerating tree populations.</subfield></datafield><datafield tag="593" ind1=" " ind2=" "><subfield code="a">PubAg article</subfield></datafield><datafield tag="650" ind1=" " ind2="3"><subfield code="a">analytical methods</subfield></datafield><datafield tag="650" ind1=" " ind2="3"><subfield code="a">fruiting</subfield></datafield><datafield tag="650" ind1=" " ind2="3"><subfield code="a">perennials</subfield></datafield><datafield tag="650" ind1=" " ind2="3"><subfield code="a">plant establishment</subfield></datafield><datafield tag="650" ind1=" " ind2="3"><subfield code="a">seedlings</subfield></datafield><datafield tag="650" ind1=" " ind2="3"><subfield code="a">seeds</subfield></datafield><datafield tag="650" ind1=" " ind2="3"><subfield code="a">trees</subfield></datafield><datafield tag="653" ind1=" " ind2="0"><subfield code="a">Faramea occidentalis</subfield></datafield><datafield tag="653" ind1=" " ind2="0"><subfield code="a">frugivory</subfield></datafield><datafield tag="653" ind1=" " ind2="0"><subfield code="a">generalized least squares linear models</subfield></datafield><datafield tag="653" ind1=" " ind2="0"><subfield code="a">SADIE</subfield></datafield><datafield tag="653" ind1=" " ind2="0"><subfield code="a">seedling recruitment</subfield></datafield><datafield tag="653" ind1=" " ind2="0"><subfield code="a">spatial demography</subfield></datafield><datafield tag="700" ind1="1" ind2=" "><subfield code="a">García-Castaño, Juan L.</subfield></datafield><datafield tag="700" ind1="1" ind2=" "><subfield code="a">Schupp, Eugene W.</subfield></datafield><datafield tag="700" ind1="1" ind2=" "><subfield code="a">Jordano, Pedro</subfield></datafield><datafield tag="773" ind1="0" ind2=" "><subfield code="t">Journal of ecology.</subfield><subfield code="g">2008 July, v. 96, no. 4 p.668-678</subfield><subfield code="d">Oxford, UK : Blackwell Publishing Ltd</subfield><subfield code="x">0022-0477</subfield><subfield code="7">nnas</subfield></datafield><datafield tag="787" ind1="1" ind2=" "><subfield code="o">islandora_article_repository</subfield></datafield><datafield tag="787" ind1="1" ind2=" "><subfield code="o">product_pubag</subfield></datafield><datafield tag="787" ind1="1" ind2=" "><subfield code="o">(Journal)jnl44660</subfield></datafield><datafield tag="852" ind1=" " ind2=" "><subfield code="a">DNAL</subfield></datafield><datafield tag="856" ind1="4" ind2="0"><subfield code="u">http://dx.doi.org/10.1111/j.1365-2745.2008.01364.x</subfield><subfield code="3">Available from publisher's Web site</subfield></datafield><datafield tag="912" ind1=" " ind2=" "><subfield code="a">Article</subfield></datafield><datafield tag="914" ind1=" " ind2=" "><subfield code="a">Journal:jnl44660</subfield></datafield><datafield tag="914" ind1=" " ind2=" "><subfield code="f">Journal of ecology</subfield></datafield><datafield tag="916" ind1=" " ind2=" "><subfield code="a">Batch:1247</subfield></datafield><datafield tag="917" ind1=" " ind2=" "><subfield code="a">issued</subfield></datafield><datafield tag="930" ind1=" " ind2=" "><subfield code="a">20080613</subfield><subfield code="b">20080704</subfield><subfield code="c">00000000</subfield></datafield><datafield tag="935" ind1=" " ind2=" "><subfield code="a">IND44067084</subfield><subfield code="9">ExL</subfield></datafield><datafield tag="946" ind1=" " ind2=" "><subfield code="a">Non-US</subfield></datafield><datafield tag="949" ind1=" " ind2=" "><subfield code="a">2-03-29</subfield></datafield><datafield tag="952" ind1=" " ind2=" "><subfield code="a">20080613 20080704 00000000</subfield></datafield><datafield tag="962" ind1=" " ind2=" "><subfield code="a">Batch:1247 reviewed on 2-03-29T15:00:02Z</subfield></datafield><datafield tag="974" ind1=" " ind2=" "><subfield code="a">agid:2052433</subfield></datafield><datafield tag="984" ind1=" " ind2=" "><subfield code="a">2-03-29</subfield></datafield><datafield tag="985" ind1=" " ind2=" "><subfield code="a">Converted from MARCXML to MODS version 3.4 using MARC21slim2MODS3-4.xsl (Revision 1.95 2014/04/23)</subfield></datafield><datafield tag="986" ind1=" " ind2=" "><subfield code="a">4067084</subfield></datafield></record>