<record><leader>04280nab a2200661 u 4500</leader><controlfield tag="001">9916334729407426</controlfield><controlfield tag="005">20221118155351.0</controlfield><controlfield tag="008">190419e20190401xx |||||o|||||||||||eng||</controlfield><datafield tag="" ind1="7" ind2=" "><subfield code="a">IND606375830</subfield><subfield code="2">DNAL</subfield></datafield><datafield tag="024" ind1="7" ind2=" "><subfield code="a">10.2478/botcro-2019-0005</subfield><subfield code="2">doi</subfield></datafield><datafield tag="035" ind1=" " ind2=" "><subfield code="a">agid:6375830-01nal_inst</subfield></datafield><datafield tag="040" ind1=" " ind2=" "><subfield code="a">AGL</subfield><subfield code="b">eng</subfield><subfield code="c">AGL</subfield></datafield><datafield tag="100" ind1="1" ind2=" "><subfield code="a">Batalha, Marco Antonio</subfield><subfield code="e">author</subfield><subfield code="u">Department of Botany, Federal University of São Carlos, PO Box 676, 13565-905, São Carlos, Brazil</subfield></datafield><datafield tag="245" ind1="1" ind2="0"><subfield code="a">Climatic drivers of dry grassland phylogenetic diversity in the Republic of Macedonia</subfield></datafield><datafield tag="300" ind1=" " ind2=" "><subfield code="a">p. 25-34.</subfield></datafield><datafield tag="520" ind1=" " ind2=" "><subfield code="a">Climatic gradients can be used to predict the extent to which climate drives biodiversity and to which biodiversity may be affected by global climate changes. Climate and evolutionary history are linked by the ecological adaptations of species and the history of Earth’s climate. If so, phylogenetic diversity may be a good metric to estimate biodiversity. We aimed to test whether the phylogenetic diversity of Macedonian dry grasslands was related to climatic variables. We sampled 575 plots, identifying the species and building a phylogenetic tree for them. We calculated two metrics of phylogenetic diversity and regressed them against climatic variables. We also tested whether there were nodes in the tree responsible for the main observed spatial patterns of phylogenetic diversity. We found a strong signature of evolutionary history in species sorting across a gradient driven by climate in Macedonian dry grasslands. First, the amount of evolutionary history decreased towards drier and more seasonal climates, suggesting a phylogenetic niche conservatism. Second, there was an air temperature filter and a temperature seasonality filter, acting in opposite directions and leading to phylogenetic clustering. Third, there were few nodes in the phylogenetic tree with high degrees of allopatry, associated with clades that differed not only in their geographic distribution, but also in their climatic preferences. Macedonian dry grassland communities developed over centuries of traditional land use but are threatened nowadays by human activities. The use of phylogenetic approaches may lead to more effective conservation policies and help us preserve this highly diverse vegetation.</subfield></datafield><datafield tag="592" ind1=" " ind2=" "><subfield code="a">Publisher supplied data</subfield></datafield><datafield tag="593" ind1=" " ind2=" "><subfield code="a">PubAg article</subfield></datafield><datafield tag="650" ind1=" " ind2="3"><subfield code="a">air temperature</subfield></datafield><datafield tag="650" ind1=" " ind2="3"><subfield code="a">allopatry</subfield></datafield><datafield tag="650" ind1=" " ind2="3"><subfield code="a">biodiversity</subfield></datafield><datafield tag="650" ind1=" " ind2="3"><subfield code="a">climatic factors</subfield></datafield><datafield tag="650" ind1=" " ind2="3"><subfield code="a">geographical distribution</subfield></datafield><datafield tag="650" ind1=" " ind2="3"><subfield code="a">grasslands</subfield></datafield><datafield tag="650" ind1=" " ind2="3"><subfield code="a">issues and policy</subfield></datafield><datafield tag="650" ind1=" " ind2="3"><subfield code="a">land use</subfield></datafield><datafield tag="650" ind1=" " ind2="3"><subfield code="a">phylogeny</subfield></datafield><datafield tag="650" ind1=" " ind2="3"><subfield code="a">phytogeography</subfield></datafield><datafield tag="650" ind1=" " ind2="3"><subfield code="a">trees</subfield></datafield><datafield tag="651" ind1=" " ind2="3"><subfield code="a">Republic of North Macedonia</subfield></datafield><datafield tag="653" ind1=" " ind2="0"><subfield code="a">Balkans</subfield></datafield><datafield tag="653" ind1=" " ind2="0"><subfield code="a">climate</subfield></datafield><datafield tag="653" ind1=" " ind2="0"><subfield code="a">evolutionary history</subfield></datafield><datafield tag="653" ind1=" " ind2="0"><subfield code="a">Macedonian flora</subfield></datafield><datafield tag="653" ind1=" " ind2="0"><subfield code="a">plant diversity</subfield></datafield><datafield tag="700" ind1="1" ind2=" "><subfield code="a">Ćušterevska, Renata</subfield><subfield code="e">author</subfield><subfield code="u">Institute of Biology, Faculty of Natural Sciences and Mathematics, Ss. Cyril and Methodius University, Arhimedova 3, 1000, Skopje, Macedonia</subfield></datafield><datafield tag="700" ind1="1" ind2=" "><subfield code="a">Matevski, Vlado</subfield><subfield code="e">author</subfield><subfield code="u">Institute of Biology, Faculty of Natural Sciences and Mathematics, Ss. Cyril and Methodius University, Arhimedova 3, 1000, Skopje, Macedonia</subfield></datafield><datafield tag="773" ind1="0" ind2=" "><subfield code="t">Acta botanica Croatica.</subfield><subfield code="g">2019 Apr. 01, v. 78, no. 1 p.25-34</subfield><subfield code="d">Sciendo</subfield><subfield code="w">Journal:J000000039</subfield><subfield code="x">0365-0588</subfield><subfield code="7">nnas</subfield></datafield><datafield tag="787" ind1="1" ind2=" "><subfield code="o">islandora_article_repository</subfield></datafield><datafield tag="787" ind1="1" ind2=" "><subfield code="o">product_pubag</subfield></datafield><datafield tag="787" ind1="1" ind2=" "><subfield code="o">(Journal)J000000039</subfield></datafield><datafield tag="856" ind1="4" ind2="0"><subfield code="u">http://dx.doi.org/10.2478/botcro-2019-0005</subfield><subfield code="3">Available from publisher's site</subfield></datafield><datafield tag="912" ind1=" " ind2=" "><subfield code="a">Article</subfield></datafield><datafield tag="914" ind1=" " ind2=" "><subfield code="a">Journal:J000000039</subfield><subfield code="b">0365-0588</subfield><subfield code="c">78</subfield><subfield code="d">1</subfield><subfield code="e">25</subfield></datafield><datafield tag="914" ind1=" " ind2=" "><subfield code="f">Acta botanica Croatica</subfield></datafield><datafield tag="916" ind1=" " ind2=" "><subfield code="a">Batch:2200</subfield></datafield><datafield tag="917" ind1=" " ind2=" "><subfield code="a">issued</subfield></datafield><datafield tag="918" ind1="2" ind2=" "><subfield code="a">De Gruyter Publishers</subfield><subfield code="e">provider</subfield><subfield code="5">DNAL</subfield></datafield><datafield tag="935" ind1=" " ind2=" "><subfield code="a">IND606375830</subfield><subfield code="9">ExL</subfield></datafield><datafield tag="949" ind1=" " ind2=" "><subfield code="a">2019-10-16</subfield></datafield><datafield tag="953" ind1=" " ind2=" "><subfield code="a" >/data/metadata/incoming/degruyter/botcro.2018.78.issue-1-1555699221869.zip</subfield></datafield><datafield tag="954" ind1=" " ind2=" "><subfield code="a">file:/data/metadata/staging/degruyter/botcro-2019-0005.xml</subfield></datafield><datafield tag="955" ind1=" " ind2=" "><subfield code="a">/data/metadata/staging/degruyter/</subfield></datafield><datafield tag="962" ind1=" " ind2=" "><subfield code="a">Batch:2200 reviewed on 2019-06-05T13:00:05Z</subfield></datafield><datafield tag="962" ind1=" " ind2=" "><subfield code="a">Batch:2200 reviewed on 2019-10-16T15:00:03Z</subfield></datafield><datafield tag="974" ind1=" " ind2=" "><subfield code="a">agid:6375830</subfield></datafield><datafield tag="983" ind1=" " ind2=" "><subfield code="a">2019-04-19</subfield></datafield><datafield tag="984" ind1=" " ind2=" "><subfield code="a">2019-10-16</subfield></datafield></record>