<record><leader>04297nab a2200685 u 4500</leader><controlfield tag="001">9916335051007426</controlfield><controlfield tag="005">20221118162432.0</controlfield><controlfield tag="008">100806e201009 xx |||||o|||||||||||eng||</controlfield><datafield tag="" ind1="7" ind2=" "><subfield code="a">IND44409115</subfield><subfield code="2">DNAL</subfield></datafield><datafield tag="024" ind1="7" ind2=" "><subfield code="a">10.1111/j.1466-8238.2010.00542.x</subfield><subfield code="2">doi</subfield></datafield><datafield tag="035" ind1=" " ind2=" "><subfield code="a">agid:2312849-01nal_inst</subfield></datafield><datafield tag="040" ind1=" " ind2=" "><subfield code="a">AGL</subfield><subfield code="b">eng</subfield><subfield code="c">AGL</subfield></datafield><datafield tag="100" ind1="1" ind2=" "><subfield code="a">Lafortezza, Raffaele</subfield></datafield><datafield tag="245" ind1="1" ind2="0"><subfield code="a">Assessing the impacts of fragmentation on plant communities in New Zealand: scaling from survey plots to landscapes</subfield></datafield><datafield tag="300" ind1=" " ind2=" "><subfield code="a">p. 741-754.</subfield></datafield><datafield tag="520" ind1=" " ind2=" "><subfield code="a">Few studies have attempted to assess the overall impact of fragmentation at the landscape scale. We quantify the impacts of fragmentation on plant diversity by assessing patterns of community composition in relation to a range of fragmentation measures. The investigation was undertaken in two regions of New Zealand - a relatively unfragmented area of lowland rain forest in south Westland and a highly fragmented montane forest on the eastern slopes of the Southern Alps. We calculated an index of community similarity (Bray-Curtis) between forest plots we regarded as potentially affected by fragmentation and control forest plots located deep inside continuous forest areas. Using a multiple nonlinear regression technique that incorporates spatial autocorrelation effects, we analysed plant community composition in relation to measures of fragmentation at the patch and landscape levels. From the resulting regression equation, we predicted community composition for every forest pixel on land-cover maps of the study areas and used these maps to calculate a landscape-level estimate of compositional change, which we term 'BioFrag'. BioFrag has a value of one if fragmentation has no detectable effect on communities within a landscape, and tends towards zero if fragmentation has a strong effect. We detected a weak, but significant, impact of fragmentation metrics operating at both the patch and landscape levels. Observed values of BioFrag ranged from 0.68 to 0.90, suggesting that patterns of fragmentation have medium to weak impacts on forest plant communities in New Zealand. BioFrag values varied in meaningful ways among landscapes and between the ground-cover and tree and shrub communities. BioFrag advances methods that describe spatial patterns of forest cover by incorporating the exact spatial patterns of observed species responses to fragmentation operating at multiple spatial scales. BioFrag can be applied to any landscape and ecological community across the globe and represents a significant step towards developing a biologically relevant, landscape-scale index of habitat fragmentation.</subfield></datafield><datafield tag="593" ind1=" " ind2=" "><subfield code="a">PubAg article</subfield></datafield><datafield tag="650" ind1=" " ind2="3"><subfield code="a">autocorrelation</subfield></datafield><datafield tag="650" ind1=" " ind2="3"><subfield code="a">botanical composition</subfield></datafield><datafield tag="650" ind1=" " ind2="3"><subfield code="a">community structure</subfield></datafield><datafield tag="650" ind1=" " ind2="3"><subfield code="a">equations</subfield></datafield><datafield tag="650" ind1=" " ind2="3"><subfield code="a">habitat fragmentation</subfield></datafield><datafield tag="650" ind1=" " ind2="3"><subfield code="a">land cover</subfield></datafield><datafield tag="650" ind1=" " ind2="3"><subfield code="a">landscapes</subfield></datafield><datafield tag="650" ind1=" " ind2="3"><subfield code="a">plant communities</subfield></datafield><datafield tag="650" ind1=" " ind2="3"><subfield code="a">rain forests</subfield></datafield><datafield tag="650" ind1=" " ind2="3"><subfield code="a">shrubs</subfield></datafield><datafield tag="650" ind1=" " ind2="3"><subfield code="a">surveys</subfield></datafield><datafield tag="650" ind1=" " ind2="3"><subfield code="a">topographic slope</subfield></datafield><datafield tag="650" ind1=" " ind2="3"><subfield code="a">trees</subfield></datafield><datafield tag="651" ind1=" " ind2="3"><subfield code="a">Alps region</subfield></datafield><datafield tag="651" ind1=" " ind2="3"><subfield code="a">New Zealand</subfield></datafield><datafield tag="653" ind1=" " ind2="0"><subfield code="a">Biodiversity indicators</subfield></datafield><datafield tag="653" ind1=" " ind2="0"><subfield code="a">fragmentation</subfield></datafield><datafield tag="653" ind1=" " ind2="0"><subfield code="a">similarity index</subfield></datafield><datafield tag="653" ind1=" " ind2="0"><subfield code="a">spatial modelling</subfield></datafield><datafield tag="700" ind1="1" ind2=" "><subfield code="a">Coomes, David A.</subfield></datafield><datafield tag="700" ind1="1" ind2=" "><subfield code="a">Kapos, Valerie</subfield></datafield><datafield tag="700" ind1="1" ind2=" "><subfield code="a">Ewers, Robert M.</subfield></datafield><datafield tag="773" ind1="0" ind2=" "><subfield code="t">Global ecology and biogeography.</subfield><subfield code="g">2010 Sept., v. 19, no. 5 p.741-754</subfield><subfield code="d">Oxford, UK : Blackwell Publishing Ltd</subfield><subfield code="x">1466-822X</subfield><subfield code="7">nnas</subfield></datafield><datafield tag="787" ind1="1" ind2=" "><subfield code="o">islandora_article_repository</subfield></datafield><datafield tag="787" ind1="1" ind2=" "><subfield code="o">product_pubag</subfield></datafield><datafield tag="787" ind1="1" ind2=" "><subfield code="o">(Journal)jnl3920180</subfield></datafield><datafield tag="852" ind1=" " ind2=" "><subfield code="a">DNAL</subfield></datafield><datafield tag="856" ind1="4" ind2="0"><subfield code="u">http://dx.doi.org/10.1111/j.1466-8238.2010.00542.x</subfield><subfield code="3">Available from publisher's Web site</subfield></datafield><datafield tag="912" ind1=" " ind2=" "><subfield code="a">Article</subfield></datafield><datafield tag="914" ind1=" " ind2=" "><subfield code="a">Journal:jnl3920180</subfield></datafield><datafield tag="914" ind1=" " ind2=" "><subfield code="f">Global ecology and biogeography</subfield></datafield><datafield tag="916" ind1=" " ind2=" "><subfield code="a">Batch:1242</subfield></datafield><datafield tag="917" ind1=" " ind2=" "><subfield code="a">issued</subfield></datafield><datafield tag="930" ind1=" " ind2=" "><subfield code="a">20100806</subfield><subfield code="b">20100903</subfield><subfield code="c">00000000</subfield></datafield><datafield tag="935" ind1=" " ind2=" "><subfield code="a">IND44409115</subfield><subfield code="9">ExL</subfield></datafield><datafield tag="946" ind1=" " ind2=" "><subfield code="a">Non-US</subfield></datafield><datafield tag="949" ind1=" " ind2=" "><subfield code="a">2-03-11</subfield></datafield><datafield tag="952" ind1=" " ind2=" "><subfield code="a">20100806 20100903 00000000</subfield></datafield><datafield tag="962" ind1=" " ind2=" "><subfield code="a">Batch:1242 reviewed on 2-03-11T15:00:03Z</subfield></datafield><datafield tag="974" ind1=" " ind2=" "><subfield code="a">agid:2312849</subfield></datafield><datafield tag="984" ind1=" " ind2=" "><subfield code="a">2-03-11</subfield></datafield><datafield tag="985" ind1=" " ind2=" "><subfield code="a">Converted from MARCXML to MODS version 3.4 using MARC21slim2MODS3-4.xsl (Revision 1.95 2014/04/23)</subfield></datafield><datafield tag="986" ind1=" " ind2=" "><subfield code="a">4409115</subfield></datafield></record>