<record><leader>03941nab a2200673 u 4500</leader><controlfield tag="001">9916335302907426</controlfield><controlfield tag="005">20221118163157.0</controlfield><controlfield tag="008">190403e20130815xx |||||o|||||||||||eng||</controlfield><datafield tag="" ind1="7" ind2=" "><subfield code="a">IND500667174</subfield><subfield code="2">DNAL</subfield></datafield><datafield tag="024" ind1="7" ind2=" "><subfield code="a">10.1/j.foreco.2013.03.028</subfield><subfield code="2">doi</subfield></datafield><datafield tag="035" ind1=" " ind2=" "><subfield code="a">agid:557239-01nal_inst</subfield></datafield><datafield tag="040" ind1=" " ind2=" "><subfield code="a">AGL</subfield><subfield code="b">eng</subfield><subfield code="c">AGL</subfield></datafield><datafield tag="100" ind1="1" ind2=" "><subfield code="a">Porto, Miguel</subfield><subfield code="e">author</subfield><subfield code="u">Centro de Biologia Ambiental, Departamento de Biologia Vegetal, Faculdade de Ciências de Lisboa, Universidade de Lisboa, C2 Campo Grande, 1749- Lisboa, Portugal</subfield></datafield><datafield tag="245" ind1="1" ind2="0"><subfield code="a">Modelling fuel succession in Mediterranean cork oak forests along a 70-year chronosequence</subfield></datafield><datafield tag="300" ind1=" " ind2=" "><subfield code="a">p. 221-230.</subfield></datafield><datafield tag="520" ind1=" " ind2=" "><subfield code="a">Mechanical removal of understory vegetation is increasingly used in Euro-Mediterranean forests to reduce fire hazard, but little is known about the long-term patterns of fuel change after management. We used a 70-year post-management chronosequence to investigate fuel succession in cork oak Quercus suber forests. Mean shrub height, crown volume, total standing biomass, and biomass of leaves, and coarse and fine materials, increased rapidly during the first 10years after management, but then converged slowly to a plateau that was not reached within the chronosequence. A high vertical continuity of fuels from the ground level to the tree canopy (0–2m) was reached in about 10–20years, but peak understory cluttering occurred only at 50–70years. Fine materials accumulated primarily at lower strata (&lt;1m) throughout the chronosequence, whereas leaves and coarse materials accumulated first at lower strata, and then progressively occupied the upper strata (&gt;1.5m). Results suggest that recurrent fuel management may promote highly flammable pioneer shrublands, whereas lack of management promotes late-successional vegetation with high risk of intense wildfires. Solving this conundrum requires careful planning of the spatial and temporal distribution of treatments to reduce the risk of fire spread at the landscape scale.</subfield></datafield><datafield tag="592" ind1=" " ind2=" "><subfield code="a">Publisher supplied data</subfield></datafield><datafield tag="593" ind1=" " ind2=" "><subfield code="a">PubAg article</subfield></datafield><datafield tag="650" ind1=" " ind2="3"><subfield code="a">Quercus suber</subfield></datafield><datafield tag="650" ind1=" " ind2="3"><subfield code="a">biomass</subfield></datafield><datafield tag="650" ind1=" " ind2="3"><subfield code="a">canopy</subfield></datafield><datafield tag="650" ind1=" " ind2="3"><subfield code="a">chronosequences</subfield></datafield><datafield tag="650" ind1=" " ind2="3"><subfield code="a">fire hazard</subfield></datafield><datafield tag="650" ind1=" " ind2="3"><subfield code="a">fire spread</subfield></datafield><datafield tag="650" ind1=" " ind2="3"><subfield code="a">forest fires</subfield></datafield><datafield tag="650" ind1=" " ind2="3"><subfield code="a">forests</subfield></datafield><datafield tag="650" ind1=" " ind2="3"><subfield code="a">landscapes</subfield></datafield><datafield tag="650" ind1=" " ind2="3"><subfield code="a">leaves</subfield></datafield><datafield tag="650" ind1=" " ind2="3"><subfield code="a">models</subfield></datafield><datafield tag="650" ind1=" " ind2="3"><subfield code="a">planning</subfield></datafield><datafield tag="650" ind1=" " ind2="3"><subfield code="a">risk</subfield></datafield><datafield tag="650" ind1=" " ind2="3"><subfield code="a">shrublands</subfield></datafield><datafield tag="650" ind1=" " ind2="3"><subfield code="a">shrubs</subfield></datafield><datafield tag="650" ind1=" " ind2="3"><subfield code="a">trees</subfield></datafield><datafield tag="650" ind1=" " ind2="3"><subfield code="a">understory</subfield></datafield><datafield tag="653" ind1=" " ind2="0"><subfield code="a">Fuel succession</subfield></datafield><datafield tag="653" ind1=" " ind2="0"><subfield code="a">Fuel management</subfield></datafield><datafield tag="653" ind1=" " ind2="0"><subfield code="a">Quercus suber forests</subfield></datafield><datafield tag="653" ind1=" " ind2="0"><subfield code="a">Fire risk</subfield></datafield><datafield tag="700" ind1="1" ind2=" "><subfield code="a">Correia, Otília</subfield><subfield code="e">author</subfield><subfield code="u">Centro de Biologia Ambiental, Departamento de Biologia Vegetal, Faculdade de Ciências de Lisboa, Universidade de Lisboa, C2 Campo Grande, 1749- Lisboa, Portugal</subfield></datafield><datafield tag="700" ind1="1" ind2=" "><subfield code="a">Beja, Pedro</subfield><subfield code="e">author</subfield><subfield code="u">EDP Biodiversity Chair, CIBIO-Centro de Investigação em Biodiversidade e Recursos Genéticos, Campus Agrário de Vairão, Universidade do Porto, 4485-601 Vairão, Portugal</subfield></datafield><datafield tag="773" ind1="0" ind2=" "><subfield code="t">Forest ecology and management.</subfield><subfield code="g">2013 Aug. 15, v. 302 p.221-230</subfield><subfield code="d">Elsevier B.V.</subfield><subfield code="w">Journal:jnl9013</subfield><subfield code="x">0378-1127</subfield><subfield code="7">nnas</subfield></datafield><datafield tag="787" ind1="1" ind2=" "><subfield code="o">islandora_article_repository</subfield></datafield><datafield tag="787" ind1="1" ind2=" "><subfield code="o">product_pubag</subfield></datafield><datafield tag="787" ind1="1" ind2=" "><subfield code="o">(Journal)jnl9013</subfield></datafield><datafield tag="856" ind1="4" ind2="0"><subfield code="u">https://dx.doi.org/10.1/j.foreco.2013.03.028</subfield><subfield code="3">Available from publisher's site</subfield></datafield><datafield tag="912" ind1=" " ind2=" "><subfield code="a">Article</subfield></datafield><datafield tag="914" ind1=" " ind2=" "><subfield code="a">Journal:jnl9013</subfield><subfield code="b">0378-1127</subfield><subfield code="c">302</subfield><subfield code="e">221</subfield></datafield><datafield tag="914" ind1=" " ind2=" "><subfield code="f">Forest ecology and management</subfield></datafield><datafield tag="917" ind1=" " ind2=" "><subfield code="a">issued</subfield></datafield><datafield tag="918" ind1="2" ind2=" "><subfield code="a">Elsevier Consyn</subfield><subfield code="e">provider</subfield><subfield code="5">DNAL</subfield></datafield><datafield tag="935" ind1=" " ind2=" "><subfield code="a">IND500667174</subfield><subfield code="9">ExL</subfield></datafield><datafield tag="949" ind1=" " ind2=" "><subfield code="a">2019-04-03</subfield></datafield><datafield tag="953" ind1=" " ind2=" "><subfield code="a" >/data/metadata/incoming/consyn-backfiles/46-2-00064-HEAD-ONLY.zip</subfield></datafield><datafield tag="954" ind1=" " ind2=" "><subfield code="a" >file:/data/metadata/staging/consyn-backfiles/S0378112713001758.xml</subfield></datafield><datafield tag="955" ind1=" " ind2=" "><subfield code="a">/data/metadata/staging/consyn-backfiles/</subfield></datafield><datafield tag="974" ind1=" " ind2=" "><subfield code="a">agid:557239</subfield></datafield><datafield tag="983" ind1=" " ind2=" "><subfield code="a">2019-04-03</subfield></datafield><datafield tag="984" ind1=" " ind2=" "><subfield code="a">2019-04-03</subfield></datafield></record>