<record><leader>04031nab a2200757 u 4500</leader><controlfield tag="001">9916335723207426</controlfield><controlfield tag="005">20221118165957.0</controlfield><controlfield tag="008">100326e201004 xx |||||o|||||||||||eng||</controlfield><datafield tag="" ind1="7" ind2=" "><subfield code="a">IND44345303</subfield><subfield code="2">DNAL</subfield></datafield><datafield tag="024" ind1="7" ind2=" "><subfield code="a">20298471</subfield><subfield code="2">pmid</subfield></datafield><datafield tag="024" ind1="7" ind2=" "><subfield code="a">10.1111/j.1365-294X.2010.04579.x</subfield><subfield code="2">doi</subfield></datafield><datafield tag="035" ind1=" " ind2=" "><subfield code="a">agid:2237084-01nal_inst</subfield></datafield><datafield tag="040" ind1=" " ind2=" "><subfield code="a">AGL</subfield><subfield code="b">eng</subfield><subfield code="c">AGL</subfield></datafield><datafield tag="100" ind1="1" ind2=" "><subfield code="a">McKinnon, G.E.</subfield></datafield><datafield tag="245" ind1="1" ind2="0"><subfield code="a">Recurrent nuclear DNA introgression accompanies chloroplast DNA exchange between two eucalypt species</subfield></datafield><datafield tag="300" ind1=" " ind2=" "><subfield code="a">p. 1367-1380.</subfield></datafield><datafield tag="520" ind1=" " ind2=" "><subfield code="a">Numerous studies within plant genera have found geographically structured sharing of chloroplast (cp) DNA among sympatric species, consistent with introgressive hybridization. Current research is aimed at understanding the extent, direction and significance of nuclear (nr) DNA exchange that accompanies putative cpDNA exchange. Eucalyptus is a complex tree genus for which cpDNA sharing has been established between multiple species. Prior phylogeographic analysis has indicated cpDNA introgression into the widespread forest species Eucalyptus globulus from its rare congener E. cordata. In this study, we use AFLP markers to characterize corresponding nrDNA introgression, on both a broad and fine spatial scale. Using 388 samples we examine (i) the fine-scale spatial structure of cp and nrDNA introgression from E. cordata into E. globulus at a site in natural forest and (ii) broad-scale patterns of AFLP marker introgression at six additional mixed populations. We show that while E. globulus and E. cordata retain strongly differentiated nuclear gene pools overall, leakage of nrDNA occurs at mixed populations, with some AFLP markers being transferred to E. globulus recurrently at different sites. On the fine scale, different AFLP fragments show varying distances of introgression into E. globulus, while introgression of cpDNA is extensive. The frequency of E. cordata markers in E. globulus is correlated with spatial proximity to E. cordata, but departs from expectations based on AFLP marker frequency in E. cordata, indicating that selection may be governing the persistence of introgressed fragments in E. globulus.</subfield></datafield><datafield tag="593" ind1=" " ind2=" "><subfield code="a">PubAg article</subfield></datafield><datafield tag="650" ind1=" " ind2="3"><subfield code="a">Eucalyptus globulus</subfield></datafield><datafield tag="650" ind1=" " ind2="3"><subfield code="a">amplified fragment length polymorphism</subfield></datafield><datafield tag="650" ind1=" " ind2="3"><subfield code="a">chloroplast DNA</subfield></datafield><datafield tag="650" ind1=" " ind2="3"><subfield code="a">chloroplasts</subfield></datafield><datafield tag="650" ind1=" " ind2="3"><subfield code="a">forests</subfield></datafield><datafield tag="650" ind1=" " ind2="3"><subfield code="a">gene pool</subfield></datafield><datafield tag="650" ind1=" " ind2="3"><subfield code="a">introgression</subfield></datafield><datafield tag="650" ind1=" " ind2="3"><subfield code="a">nuclear genome</subfield></datafield><datafield tag="650" ind1=" " ind2="3"><subfield code="a">phylogeography</subfield></datafield><datafield tag="650" ind1=" " ind2="3"><subfield code="a">sympatry</subfield></datafield><datafield tag="650" ind1=" " ind2="3"><subfield code="a">trees</subfield></datafield><datafield tag="650" ind1=" " ind2="2"><subfield code="a">Amplified Fragment Length Polymorphism Analysis</subfield></datafield><datafield tag="650" ind1=" " ind2="2"><subfield code="a">Cell Nucleus</subfield><subfield code="x">genetics</subfield></datafield><datafield tag="650" ind1=" " ind2="2"><subfield code="a">DNA, Chloroplast</subfield><subfield code="x">genetics</subfield></datafield><datafield tag="650" ind1=" " ind2="2"><subfield code="a">DNA, Plant</subfield><subfield code="x">genetics</subfield></datafield><datafield tag="650" ind1=" " ind2="2"><subfield code="a">Eucalyptus</subfield><subfield code="x">genetics</subfield></datafield><datafield tag="650" ind1=" " ind2="2"><subfield code="a">Evolution, Molecular</subfield></datafield><datafield tag="650" ind1=" " ind2="2"><subfield code="a">Genetics, Population</subfield></datafield><datafield tag="650" ind1=" " ind2="2"><subfield code="a">Hybridization, Genetic</subfield></datafield><datafield tag="650" ind1=" " ind2="2"><subfield code="a">Models, Genetic</subfield></datafield><datafield tag="650" ind1=" " ind2="2"><subfield code="a">Sequence Analysis, DNA</subfield></datafield><datafield tag="650" ind1=" " ind2="2"><subfield code="a">Species Specificity</subfield></datafield><datafield tag="651" ind1=" " ind2="0"><subfield code="a">Australia</subfield></datafield><datafield tag="653" ind1=" " ind2="0"><subfield code="a">AFLP</subfield></datafield><datafield tag="653" ind1=" " ind2="0"><subfield code="a">eucalypt genetics</subfield></datafield><datafield tag="700" ind1="1" ind2=" "><subfield code="a">Smith, J.J.</subfield></datafield><datafield tag="700" ind1="1" ind2=" "><subfield code="a">Potts, B.M.</subfield></datafield><datafield tag="773" ind1="0" ind2=" "><subfield code="t">Molecular ecology.</subfield><subfield code="g">2010 Apr., v. 19, no. 7 p.1367-1380</subfield><subfield code="d">Oxford, UK : Blackwell Publishing Ltd</subfield><subfield code="x">0962-1083</subfield><subfield code="7">nnas</subfield></datafield><datafield tag="787" ind1="1" ind2=" "><subfield code="o">islandora_article_repository</subfield></datafield><datafield tag="787" ind1="1" ind2=" "><subfield code="o">product_pubag</subfield></datafield><datafield tag="787" ind1="1" ind2=" "><subfield code="o">(Journal)jnl48811</subfield></datafield><datafield tag="852" ind1=" " ind2=" "><subfield code="a">DNAL</subfield></datafield><datafield tag="856" ind1="4" ind2="0"><subfield code="u">http://dx.doi.org/10.1111/j.1365-294X.2010.04579.x</subfield><subfield code="3">Available from publisher's Web site</subfield></datafield><datafield tag="912" ind1=" " ind2=" "><subfield code="a">Article</subfield></datafield><datafield tag="914" ind1=" " ind2=" "><subfield code="a">Journal:jnl48811</subfield></datafield><datafield tag="914" ind1=" " ind2=" "><subfield code="f">Molecular ecology</subfield></datafield><datafield tag="916" ind1=" " ind2=" "><subfield code="a">Batch:1244</subfield></datafield><datafield tag="917" ind1=" " ind2=" "><subfield code="a">issued</subfield></datafield><datafield tag="930" ind1=" " ind2=" "><subfield code="a">20111120</subfield><subfield code="b">20111202</subfield><subfield code="c">00000000</subfield></datafield><datafield tag="935" ind1=" " ind2=" "><subfield code="a">IND44345303</subfield><subfield code="9">ExL</subfield></datafield><datafield tag="946" ind1=" " ind2=" "><subfield code="a">Non-US</subfield></datafield><datafield tag="949" ind1=" " ind2=" "><subfield code="a">2-03-21</subfield></datafield><datafield tag="952" ind1=" " ind2=" "><subfield code="a">20111120 20111202 00000000</subfield></datafield><datafield tag="962" ind1=" " ind2=" "><subfield code="a">Batch:1244 reviewed on 2-03-21T13:00:05Z</subfield></datafield><datafield tag="974" ind1=" " ind2=" "><subfield code="a">agid:2237084</subfield></datafield><datafield tag="984" ind1=" " ind2=" "><subfield code="a">2-03-21</subfield></datafield><datafield tag="985" ind1=" " ind2=" "><subfield code="a">Converted from MARCXML to MODS version 3.4 using MARC21slim2MODS3-4.xsl (Revision 1.95 2014/04/23)</subfield></datafield><datafield tag="986" ind1=" " ind2=" "><subfield code="a">4345303</subfield></datafield></record>