<record><leader>04782nab a2200769 u 4500</leader><controlfield tag="001">9916336096807426</controlfield><controlfield tag="005">20221118172521.0</controlfield><controlfield tag="008">190411s2014 xx |||||o|||||||||||eng||</controlfield><datafield tag="" ind1="7" ind2=" "><subfield code="a">IND605435641</subfield><subfield code="2">DNAL</subfield></datafield><datafield tag="024" ind1="7" ind2=" "><subfield code="a">10.1/j.dendro.2014.05.002</subfield><subfield code="2">doi</subfield></datafield><datafield tag="035" ind1=" " ind2=" "><subfield code="a">agid:5435641-01nal_inst</subfield></datafield><datafield tag="040" ind1=" " ind2=" "><subfield code="a">AGL</subfield><subfield code="b">eng</subfield><subfield code="c">AGL</subfield></datafield><datafield tag="100" ind1="1" ind2=" "><subfield code="a">Alma, Piermattei</subfield><subfield code="e">author</subfield></datafield><datafield tag="245" ind1="1" ind2="0"><subfield code="a">Structural attributes, tree-ring growth and climate sensitivity of Pinus nigra Arn. at high altitude: common patterns of a possible treeline shift in the central Apennines (Italy)</subfield></datafield><datafield tag="300" ind1=" " ind2=" "><subfield code="a">p. 210-219.</subfield></datafield><datafield tag="500" ind1=" " ind2=" "><subfield code="a">2019-12-06</subfield></datafield><datafield tag="520" ind1=" " ind2=" "><subfield code="a">European black pine (Pinus nigra ssp. nigra Arnold) encroachment at increasing elevation has been analyzed at four treeline ecotones of the central Apennines (Italy). The study sites are located along a North-South gradient of 170km across Marche and Abruzzo regions in Central Italy. The aims of this study were: (i) to detect possible common patterns of structural attributes of black pine regeneration at the treeline ecotone; (ii) to date the seedlings germination and (iii) to assess the climate influence on the pine upward encroachment process also using intra-annual density fluctuations (IADFs) in tree-rings. We sampled 658 encroached black pine trees above the current treeline to the mountain top. All individuals were mapped and their basal stem diameter, total height, annual height increments and other structural attributes measured. One increment core was extracted from stem base of most samples for cambial age determination and detection of intra-annual density fluctuations (IADF). At two sites we also extracted cores at DBH from forest trees to assess climate–growth relationships of black pine. We used multivariate analysis (PCA) to explore the correlation structure of the main tree attributes, regression analysis to relate radial and height increment and dendroclimatic analysis to assess the influence of climate on tree growth and IADF formation.Most black pine trees were located at high altitude and their structural attributes were similar at the four sites where the pine encroachment process started between 30 and 40 years ago featuring similar germination peaks and growth patterns. Black pine is particularly sensitive to maximum temperatures and IADF occurred in mid-late summer with highest frequency peaks between 2003 and 2004. The pine encroachment process, besides the differences of environmental features and land use histories of the four study sites, appears synchronic and spatially diffused. Consistent tree-growth dynamics and the species adaptation to a warming climate are signals envisaging a possible treeline upward shift.</subfield></datafield><datafield tag="592" ind1=" " ind2=" "><subfield code="a">Publisher supplied data</subfield></datafield><datafield tag="593" ind1=" " ind2=" "><subfield code="a">PubAg article</subfield></datafield><datafield tag="650" ind1=" " ind2="3"><subfield code="a">temperature</subfield></datafield><datafield tag="650" ind1=" " ind2="3"><subfield code="a">tree growth</subfield></datafield><datafield tag="650" ind1=" " ind2="3"><subfield code="a">germination</subfield></datafield><datafield tag="650" ind1=" " ind2="3"><subfield code="a">Pinus nigra subsp. nigra</subfield></datafield><datafield tag="650" ind1=" " ind2="3"><subfield code="a">forest trees</subfield></datafield><datafield tag="650" ind1=" " ind2="3"><subfield code="a">ecotones</subfield></datafield><datafield tag="650" ind1=" " ind2="3"><subfield code="a">growth rings</subfield></datafield><datafield tag="650" ind1=" " ind2="3"><subfield code="a">seedlings</subfield></datafield><datafield tag="650" ind1=" " ind2="3"><subfield code="a">mountains</subfield></datafield><datafield tag="650" ind1=" " ind2="3"><subfield code="a">regression analysis</subfield></datafield><datafield tag="650" ind1=" " ind2="3"><subfield code="a">age determination</subfield></datafield><datafield tag="650" ind1=" " ind2="3"><subfield code="a">global warming</subfield></datafield><datafield tag="650" ind1=" " ind2="3"><subfield code="a">summer</subfield></datafield><datafield tag="650" ind1=" " ind2="3"><subfield code="a">treeline</subfield></datafield><datafield tag="650" ind1=" " ind2="3"><subfield code="a">altitude</subfield></datafield><datafield tag="650" ind1=" " ind2="3"><subfield code="a">cambium</subfield></datafield><datafield tag="650" ind1=" " ind2="3"><subfield code="a">land use</subfield></datafield><datafield tag="650" ind1=" " ind2="3"><subfield code="a">climate</subfield></datafield><datafield tag="651" ind1=" " ind2="3"><subfield code="a">Italy</subfield></datafield><datafield tag="653" ind1=" " ind2="0"><subfield code="a">IADF</subfield></datafield><datafield tag="653" ind1=" " ind2="0"><subfield code="a">Apennines</subfield></datafield><datafield tag="653" ind1=" " ind2="0"><subfield code="a">multivariate analysis</subfield></datafield><datafield tag="653" ind1=" " ind2="0"><subfield code="a">European black pine</subfield></datafield><datafield tag="653" ind1=" " ind2="0"><subfield code="a">Tree rings</subfield></datafield><datafield tag="653" ind1=" " ind2="0"><subfield code="a">Climate change</subfield></datafield><datafield tag="653" ind1=" " ind2="0"><subfield code="a">Spatial patterns</subfield></datafield><datafield tag="700" ind1="1" ind2=" "><subfield code="a">Matteo, Garbarino</subfield><subfield code="e">author</subfield><subfield code="u">Università Politecnica delle Marche, Department of Agricultural, Food and Environmental Sciences, Via Brecce Bianche, 60131 Ancona, Italy</subfield></datafield><datafield tag="700" ind1="1" ind2=" "><subfield code="a">Carlo, Urbinati</subfield><subfield code="e">author</subfield><subfield code="u">Università Politecnica delle Marche, Department of Agricultural, Food and Environmental Sciences, Via Brecce Bianche, 60131 Ancona, Italy</subfield></datafield><datafield tag="773" ind1="0" ind2=" "><subfield code="t">Dendrochronologia.</subfield><subfield code="g">2014, v. 32, no. 3 p.210-219</subfield><subfield code="d">Elsevier GmbH</subfield><subfield code="w">Journal:jnl71157</subfield><subfield code="x">1125-7865</subfield><subfield code="7">nnas</subfield></datafield><datafield tag="787" ind1="1" ind2=" "><subfield code="o">islandora_article_repository</subfield></datafield><datafield tag="787" ind1="1" ind2=" "><subfield code="o">product_pubag</subfield></datafield><datafield tag="787" ind1="1" ind2=" "><subfield code="o">(Journal)jnl71157</subfield></datafield><datafield tag="856" ind1="4" ind2="0"><subfield code="u">https://dx.doi.org/10.1/j.dendro.2014.05.002</subfield><subfield code="3">Available from publisher's site</subfield></datafield><datafield tag="912" ind1=" " ind2=" "><subfield code="a">Article</subfield></datafield><datafield tag="914" ind1=" " ind2=" "><subfield code="a">Journal:jnl71157</subfield><subfield code="b">1125-7865</subfield><subfield code="c">32</subfield><subfield code="e">210</subfield></datafield><datafield tag="914" ind1=" " ind2=" "><subfield code="f">Dendrochronologia</subfield></datafield><datafield tag="916" ind1=" " ind2=" "><subfield code="a">Batch:1503</subfield></datafield><datafield tag="916" ind1=" " ind2=" "><subfield code="a">Batch:1506</subfield></datafield><datafield tag="917" ind1=" " ind2=" "><subfield code="a">issued</subfield></datafield><datafield tag="918" ind1="2" ind2=" "><subfield code="a">Elsevier Consyn</subfield><subfield code="e">provider</subfield><subfield code="5">DNAL</subfield></datafield><datafield tag="935" ind1=" " ind2=" "><subfield code="a">IND605435641</subfield><subfield code="9">ExL</subfield></datafield><datafield tag="949" ind1=" " ind2=" "><subfield code="a">2019-04-11</subfield></datafield><datafield tag="953" ind1=" " ind2=" "><subfield code="a" >/data/metadata/incoming/consyn-backfiles/46-2-00094-HEAD-ONLY.zip</subfield></datafield><datafield tag="954" ind1=" " ind2=" "><subfield code="a" >file:/data/metadata/staging/consyn-backfiles/S1125786514000502.xml</subfield></datafield><datafield tag="955" ind1=" " ind2=" "><subfield code="a">/data/metadata/staging/consyn-backfiles/</subfield></datafield><datafield tag="974" ind1=" " ind2=" "><subfield code="a">agid:5435641</subfield></datafield><datafield tag="983" ind1=" " ind2=" "><subfield code="a">2019-04-11</subfield></datafield><datafield tag="984" ind1=" " ind2=" "><subfield code="a">2019-04-11</subfield></datafield></record>