<record><leader>04701nab a2200673 u 4500</leader><controlfield tag="001">9916336096907426</controlfield><controlfield tag="005">20221118172441.0</controlfield><controlfield tag="008">190411s2014 xx |||||o|||||||||||eng||</controlfield><datafield tag="" ind1="7" ind2=" "><subfield code="a">IND605435639</subfield><subfield code="2">DNAL</subfield></datafield><datafield tag="024" ind1="7" ind2=" "><subfield code="a">10.1/j.dendro.2014.04.004</subfield><subfield code="2">doi</subfield></datafield><datafield tag="035" ind1=" " ind2=" "><subfield code="a">agid:5435639-01nal_inst</subfield></datafield><datafield tag="040" ind1=" " ind2=" "><subfield code="a">AGL</subfield><subfield code="b">eng</subfield><subfield code="c">AGL</subfield></datafield><datafield tag="100" ind1="1" ind2=" "><subfield code="a">Mazza, Gianluigi</subfield><subfield code="e">author</subfield><subfield code="u">Consiglio per la Ricerca e la sperimentazione in Agricoltura, Forestry Research Centre (CRA-SEL), Viale S. Margherita 80, 52100 Arezzo, Italy</subfield></datafield><datafield tag="245" ind1="1" ind2="0"><subfield code="a">Climate–growth relationships of silver fir (Abies alba Mill.) in marginal populations of Central Italy</subfield></datafield><datafield tag="300" ind1=" " ind2=" "><subfield code="a">p. 181-190.</subfield></datafield><datafield tag="520" ind1=" " ind2=" "><subfield code="a">This study is part of a LIFE+ project on marginal mountain ecosystem conservation. In five mixed European beech-silver fir forests of Central Italy (Tuscany and Marches), classified as priority habitats of the Natura 2000 Network, we analysed the climate–growth relationships of silver fir (Abies alba Mill.) along an altitudinal gradient. The aims of this study were: (i) to identify the main spatial patterns in the frequency domain of both silver fir growth and climate variables in five different sites and (ii) to detect the overall climate sensitivity of the target species through time.Multivariate analysis displayed groups of chronologies with similar growth patterns for each frequency band-pass, discriminating for altitude and geographical location. The spectral density of climate variables at seasonal scale displayed common spatial patterns during late-spring and summer months. In stands where fir grows in optimal conditions, the most significant growth responses to climate were the positive influence of late-spring and summer precipitations of the previous year and the negative effect of summer temperatures of both previous and current year, although decreasing during the last decades. On the other hand, the site at lowest altitude shows a low and not very consistent climate sensitivity as compared to the preferred altitudes. At the highest site (1375m asl) the positive effect of previous year spring–summer precipitation and summer temperature of both previous and current year disappears.Results suggest that in the studied areas a water-use increase in summer is a possible response of silver fir to the significant reduction of spring precipitation and general temperature increase throughout the 20th century.These findings provide additional information on silver fir responses to climate variability at different altitudes, useful for calibrating silvicultural treatments to apply for conservation of sensitive ecosystems and of tree species in mountain areas.</subfield></datafield><datafield tag="592" ind1=" " ind2=" "><subfield code="a">Publisher supplied data</subfield></datafield><datafield tag="593" ind1=" " ind2=" "><subfield code="a">PubAg article</subfield></datafield><datafield tag="650" ind1=" " ind2="3"><subfield code="a">Abies alba</subfield></datafield><datafield tag="650" ind1=" " ind2="3"><subfield code="a">adverse effects</subfield></datafield><datafield tag="650" ind1=" " ind2="3"><subfield code="a">altitude</subfield></datafield><datafield tag="650" ind1=" " ind2="3"><subfield code="a">climatic factors</subfield></datafield><datafield tag="650" ind1=" " ind2="3"><subfield code="a">ecosystems</subfield></datafield><datafield tag="650" ind1=" " ind2="3"><subfield code="a">forests</subfield></datafield><datafield tag="650" ind1=" " ind2="3"><subfield code="a">habitats</subfield></datafield><datafield tag="650" ind1=" " ind2="3"><subfield code="a">spring</subfield></datafield><datafield tag="650" ind1=" " ind2="3"><subfield code="a">summer</subfield></datafield><datafield tag="650" ind1=" " ind2="3"><subfield code="a">temperature</subfield></datafield><datafield tag="650" ind1=" " ind2="3"><subfield code="a">trees</subfield></datafield><datafield tag="651" ind1=" " ind2="3"><subfield code="a">Italy</subfield></datafield><datafield tag="653" ind1=" " ind2="0"><subfield code="a">Tree-rings</subfield></datafield><datafield tag="653" ind1=" " ind2="0"><subfield code="a">Silver fir</subfield></datafield><datafield tag="653" ind1=" " ind2="0"><subfield code="a">Dendroclimatology</subfield></datafield><datafield tag="653" ind1=" " ind2="0"><subfield code="a">Spectral analysis</subfield></datafield><datafield tag="653" ind1=" " ind2="0"><subfield code="a">Ecosystem conservation</subfield></datafield><datafield tag="653" ind1=" " ind2="0"><subfield code="a">LIFE Resilfor</subfield></datafield><datafield tag="700" ind1="1" ind2=" "><subfield code="a">Gallucci, Valeria</subfield><subfield code="e">author</subfield><subfield code="u">Università Politecnica delle Marche, Department of Agricultural, Food and Environmental Sciences, Via Brecce bianche, 60121 Ancona, Italy</subfield></datafield><datafield tag="700" ind1="1" ind2=" "><subfield code="a">Manetti, Maria Chiara</subfield><subfield code="e">author</subfield><subfield code="u">Consiglio per la Ricerca e la sperimentazione in Agricoltura, Forestry Research Centre (CRA-SEL), Viale S. Margherita 80, 52100 Arezzo, Italy</subfield></datafield><datafield tag="700" ind1="1" ind2=" "><subfield code="a">Urbinati, Carlo</subfield><subfield code="e">author</subfield><subfield code="u">Università Politecnica delle Marche, Department of Agricultural, Food and Environmental Sciences, Via Brecce bianche, 60121 Ancona, Italy</subfield></datafield><datafield tag="773" ind1="0" ind2=" "><subfield code="t">Dendrochronologia.</subfield><subfield code="g">2014, v. 32, no. 3 p.181-190</subfield><subfield code="d">Elsevier GmbH</subfield><subfield code="w">Journal:jnl71157</subfield><subfield code="x">1125-7865</subfield><subfield code="7">nnas</subfield></datafield><datafield tag="787" ind1="1" ind2=" "><subfield code="o">islandora_article_repository</subfield></datafield><datafield tag="787" ind1="1" ind2=" "><subfield code="o">product_pubag</subfield></datafield><datafield tag="787" ind1="1" ind2=" "><subfield code="o">(Journal)jnl71157</subfield></datafield><datafield tag="856" ind1="4" ind2="0"><subfield code="u">https://dx.doi.org/10.1/j.dendro.2014.04.004</subfield><subfield code="3">Available from publisher's site</subfield></datafield><datafield tag="912" ind1=" " ind2=" "><subfield code="a">Article</subfield></datafield><datafield tag="914" ind1=" " ind2=" "><subfield code="a">Journal:jnl71157</subfield><subfield code="b">1125-7865</subfield><subfield code="c">32</subfield><subfield code="e">181</subfield></datafield><datafield tag="914" ind1=" " ind2=" "><subfield code="f">Dendrochronologia</subfield></datafield><datafield tag="916" ind1=" " ind2=" "><subfield code="a">Batch:1503</subfield></datafield><datafield tag="916" ind1=" " ind2=" "><subfield code="a">Batch:1506</subfield></datafield><datafield tag="917" ind1=" " ind2=" "><subfield code="a">issued</subfield></datafield><datafield tag="918" ind1="2" ind2=" "><subfield code="a">Elsevier Consyn</subfield><subfield code="e">provider</subfield><subfield code="5">DNAL</subfield></datafield><datafield tag="935" ind1=" " ind2=" "><subfield code="a">IND605435639</subfield><subfield code="9">ExL</subfield></datafield><datafield tag="949" ind1=" " ind2=" "><subfield code="a">2019-04-11</subfield></datafield><datafield tag="953" ind1=" " ind2=" "><subfield code="a" >/data/metadata/incoming/consyn-backfiles/46-2-00094-HEAD-ONLY.zip</subfield></datafield><datafield tag="954" ind1=" " ind2=" "><subfield code="a" >file:/data/metadata/staging/consyn-backfiles/S1125786514000496.xml</subfield></datafield><datafield tag="955" ind1=" " ind2=" "><subfield code="a">/data/metadata/staging/consyn-backfiles/</subfield></datafield><datafield tag="974" ind1=" " ind2=" "><subfield code="a">agid:5435639</subfield></datafield><datafield tag="983" ind1=" " ind2=" "><subfield code="a">2019-04-11</subfield></datafield><datafield tag="984" ind1=" " ind2=" "><subfield code="a">2019-04-11</subfield></datafield></record>