<record><leader>04858nab a2200709 u 4500</leader><controlfield tag="001">9916336339107426</controlfield><controlfield tag="005">20221118173319.0</controlfield><controlfield tag="008">211219e202201 xx |||||o|||||||||||eng||</controlfield><datafield tag="" ind1="7" ind2=" "><subfield code="a">IND607545759</subfield><subfield code="2">DNAL</subfield></datafield><datafield tag="024" ind1="7" ind2=" "><subfield code="a">10.1/j.landusepol.2021.105810</subfield><subfield code="2">doi</subfield></datafield><datafield tag="035" ind1=" " ind2=" "><subfield code="a">agid:7545759-01nal_inst</subfield></datafield><datafield tag="040" ind1=" " ind2=" "><subfield code="a">AGL</subfield><subfield code="b">eng</subfield><subfield code="c">AGL</subfield></datafield><datafield tag="100" ind1="1" ind2=" "><subfield code="a">Kukkonen, M.O.</subfield><subfield code="e">author</subfield><subfield code="u">Department of Geosciences and Geography, University of Helsinki, Gustaf Hällströmin katu 2a, FI-00014 Helsinki, Finland</subfield></datafield><datafield tag="245" ind1="1" ind2="0"><subfield code="a">Modeling direct above-ground carbon loss due to urban expansion in Zanzibar City Region, Tanzania</subfield></datafield><datafield tag="520" ind1=" " ind2=" "><subfield code="a">Expansion of urban fabric on carbon storages is estimated to cause loss of 1.38 Pg of Above-Ground Carbon (AGC) in pan-tropics between 2000 and 2030. This would be approximately 5% of all emissions caused by tropical land use changes. Despite the significance of the phenomenon, these emissions are rarely measured, monitored, or addressed in climate change mitigation plans, especially in Sub-Saharan Africa. Therefore, we demonstrated a state-of-the-art approach predicting AGC loss of Zanzibar City Region under multiple alternative urban planning scenarios between 2013 and 2030. The AGC information was modeled based on field measured forest inventory sample plots and RapidEye satellite data from 2013, while the future urban expansion model was calibrated with data of happened expansion between 2004, 2009 and 2013, and geospatial independent variables influencing the expansion patterns. This model was then projected until 2030, while alternative urban planning scenarios were integrated to the model by modifying the geospatial variables. The combination of these two models indicates that 42,000 Mg or 15% of total AGC in Zanzibar City Region can be anticipated to be lost by 2030 due to urban expansion. Majority of the loss will take place in the agroforest and fruit tree plantations surrounding the city, while natural forest face limited impacts. None of the tested alternative urban planning scenarios significantly impact the loss of AGC compared to the business-as-usual scenario. Therefore, alternative policies and plans are seriously needed to address the issue in Zanzibar. These could include promoting urban densification, directing urban expansion to low carbon areas, improving soil carbon management, and preparing an urban forestry and greenery strategy. All in all, the study indicates that data and methods are available for monitoring and predicting the phenomenon in Sub-Saharan Africa. Research based on a comparable methodology should be produced from all the main cities in the region that are surrounded by significant carbon storages and facing high urban expansion rates to support climate change mitigation.</subfield></datafield><datafield tag="592" ind1=" " ind2=" "><subfield code="a">Publisher supplied data</subfield></datafield><datafield tag="593" ind1=" " ind2=" "><subfield code="a">PubAg article</subfield></datafield><datafield tag="650" ind1=" " ind2="3"><subfield code="a">agroforestry</subfield></datafield><datafield tag="650" ind1=" " ind2="3"><subfield code="a">carbon</subfield></datafield><datafield tag="650" ind1=" " ind2="3"><subfield code="a">climate change</subfield></datafield><datafield tag="650" ind1=" " ind2="3"><subfield code="a">face</subfield></datafield><datafield tag="650" ind1=" " ind2="3"><subfield code="a">forest inventory</subfield></datafield><datafield tag="650" ind1=" " ind2="3"><subfield code="a">forests</subfield></datafield><datafield tag="650" ind1=" " ind2="3"><subfield code="a">fruit trees</subfield></datafield><datafield tag="650" ind1=" " ind2="3"><subfield code="a">land policy</subfield></datafield><datafield tag="650" ind1=" " ind2="3"><subfield code="a">models</subfield></datafield><datafield tag="650" ind1=" " ind2="3"><subfield code="a">remote sensing</subfield></datafield><datafield tag="650" ind1=" " ind2="3"><subfield code="a">soil carbon</subfield></datafield><datafield tag="650" ind1=" " ind2="3"><subfield code="a">urban areas</subfield></datafield><datafield tag="650" ind1=" " ind2="3"><subfield code="a">urban forestry</subfield></datafield><datafield tag="650" ind1=" " ind2="3"><subfield code="a">urbanization</subfield></datafield><datafield tag="651" ind1=" " ind2="3"><subfield code="a">Zanzibar</subfield></datafield><datafield tag="653" ind1=" " ind2="0"><subfield code="a">Urban expansion</subfield></datafield><datafield tag="653" ind1=" " ind2="0"><subfield code="a">Above-ground carbon</subfield></datafield><datafield tag="653" ind1=" " ind2="0"><subfield code="a">Carbon emissions</subfield></datafield><datafield tag="653" ind1=" " ind2="0"><subfield code="a">Spatial modeling</subfield></datafield><datafield tag="653" ind1=" " ind2="0"><subfield code="a">Tanzania</subfield></datafield><datafield tag="653" ind1=" " ind2="0"><subfield code="a">Africa</subfield></datafield><datafield tag="700" ind1="1" ind2=" "><subfield code="a">Khamis, M.</subfield><subfield code="e">author</subfield><subfield code="u">Department of Forestry and Non-Renewable Natural Resources, Ministry of Agriculture and Natural Resources, Zanzibar, Tanzania</subfield></datafield><datafield tag="700" ind1="1" ind2=" "><subfield code="a">Muhammad, M.J.</subfield><subfield code="e">author</subfield><subfield code="u">Department of Urban and Rural Planning, Ministry of Land, Housing, Water and Energy, Zanzibar, Tanzania</subfield></datafield><datafield tag="700" ind1="1" ind2=" "><subfield code="a">Käyhkö, N.</subfield><subfield code="e">author</subfield><subfield code="u">Department of Geography and Geology, University of Turku, Turku, Finland</subfield></datafield><datafield tag="700" ind1="1" ind2=" "><subfield code="a">Luoto, M.</subfield><subfield code="e">author</subfield><subfield code="u">University of Helsinki, Department of Geosciences and Geography, Helsinki, Finland</subfield></datafield><datafield tag="773" ind1="0" ind2=" "><subfield code="t">Land use policy.</subfield><subfield code="g">2022 Jan., v. 112 p.105810-</subfield><subfield code="d">Elsevier Ltd</subfield><subfield code="w">Journal:12412</subfield><subfield code="x">0264-8377</subfield><subfield code="7">nnas</subfield></datafield><datafield tag="787" ind1="1" ind2=" "><subfield code="o">islandora_article_repository</subfield></datafield><datafield tag="787" ind1="1" ind2=" "><subfield code="o">product_pubag</subfield></datafield><datafield tag="787" ind1="1" ind2=" "><subfield code="o">(Journal)12412</subfield></datafield><datafield tag="856" ind1="4" ind2="0"><subfield code="u">https://dx.doi.org/10.1/j.landusepol.2021.105810</subfield><subfield code="3">Available from publisher's site</subfield></datafield><datafield tag="912" ind1=" " ind2=" "><subfield code="a">Article</subfield></datafield><datafield tag="914" ind1=" " ind2=" "><subfield code="a">Journal:12412</subfield><subfield code="b">0264-8377</subfield><subfield code="c">112</subfield><subfield code="e">105810</subfield></datafield><datafield tag="914" ind1=" " ind2=" "><subfield code="f">Land use policy</subfield></datafield><datafield tag="916" ind1=" " ind2=" "><subfield code="a">Batch:10203</subfield></datafield><datafield tag="917" ind1=" " ind2=" "><subfield code="a">issued</subfield></datafield><datafield tag="918" ind1="2" ind2=" "><subfield code="a">Elsevier Consyn</subfield><subfield code="e">provider</subfield><subfield code="5">DNAL</subfield></datafield><datafield tag="935" ind1=" " ind2=" "><subfield code="a">IND607545759</subfield><subfield code="9">ExL</subfield></datafield><datafield tag="949" ind1=" " ind2=" "><subfield code="a">2022-02-23</subfield></datafield><datafield tag="952" ind1=" " ind2=" "><subfield code="d">NAL-AP-2-clean</subfield></datafield><datafield tag="953" ind1=" " ind2=" "><subfield code="a">/data/metadata/incoming/consyn/136261760942755730-00002-HEAD-ONLY-NEW CONSYN ISSNS.zip</subfield></datafield><datafield tag="954" ind1=" " ind2=" "><subfield code="a">file:/data/metadata/staging/consyn/S0264837721005330.xml</subfield></datafield><datafield tag="955" ind1=" " ind2=" "><subfield code="a">/data/metadata/staging/consyn/</subfield></datafield><datafield tag="974" ind1=" " ind2=" "><subfield code="a">agid:7545759</subfield></datafield><datafield tag="983" ind1=" " ind2=" "><subfield code="a">2021-12-19</subfield></datafield><datafield tag="984" ind1=" " ind2=" "><subfield code="a">2022-02-19</subfield></datafield></record>