<record><leader>02911nab a2200553 u 4500</leader><controlfield tag="001">9916336498907426</controlfield><controlfield tag="005">20221118175150.0</controlfield><controlfield tag="008">980309e199709 ohu|||||o|||||||||||eng||</controlfield><datafield tag="" ind1="7" ind2=" "><subfield code="a">IND20623241</subfield><subfield code="2">DNAL</subfield></datafield><datafield tag="035" ind1=" " ind2=" "><subfield code="a">agid:2568622-01nal_inst</subfield></datafield><datafield tag="040" ind1=" " ind2=" "><subfield code="a">AGL</subfield><subfield code="b">eng</subfield><subfield code="c">AGL</subfield></datafield><datafield tag="100" ind1="1" ind2=" "><subfield code="a">Wada, N.</subfield></datafield><datafield tag="245" ind1="1" ind2="0"><subfield code="a">Japanese maple (Acer palmatum var. Matsumurae, Aceraceae) recruitment patterns: seeds, seedlings, and saplings in relation to conspecific adult neighbors</subfield></datafield><datafield tag="300" ind1=" " ind2=" "><subfield code="a">p. 1294-1300.</subfield></datafield><datafield tag="500" ind1=" " ind2=" "><subfield code="a">2019-12-05</subfield></datafield><datafield tag="520" ind1=" " ind2=" "><subfield code="a">We analyzed the spatial patterns among seeds, seedlings, saplings, and conspecific adult trees of the cool-temperate tree species Acer palmatum var. Matsumurae in a conifer-hardwood mixed forest in northern Japan, using two models that consider the influence of each adult within the neighborhood of the offspring. The results showed that recruitment patterns of each stage could be characterized and that significant shifts occur between successive stages. Sound seeds were more widely dispersed than unsound seeds; the mean dispersal distance (MDD) was 41.5 m for sound seeds, but only 12.6 m for unsound seeds. Most seedlings were located near conspecific adult trees, with a MDD of 14.3 m. Saplings, however were more dispersed away from conspecific adult trees, with an MDD of more than 35 m. Light and gap distributions did not strongly affect the spatial distribution of the offspring; most saplings were located under nonconspecific canopies. These results suggest that the recruitment pattern of Japanese maple offspring is strongly affected by conspecific adult neighbors, rather than by light and gap distributions, with close proximity to conspecific adult trees reducing the growth and survival of seedlings during the transition to saplings.</subfield></datafield><datafield tag="650" ind1=" " ind2="3"><subfield code="a">juvenility</subfield></datafield><datafield tag="650" ind1=" " ind2="3"><subfield code="a">seeds</subfield></datafield><datafield tag="650" ind1=" " ind2="3"><subfield code="a">seedlings</subfield></datafield><datafield tag="650" ind1=" " ind2="3"><subfield code="a">spatial distribution</subfield></datafield><datafield tag="650" ind1=" " ind2="3"><subfield code="a">seed dispersal</subfield></datafield><datafield tag="650" ind1=" " ind2="3"><subfield code="a">maturity stage</subfield></datafield><datafield tag="650" ind1=" " ind2="3"><subfield code="a">canopy gaps</subfield></datafield><datafield tag="650" ind1=" " ind2="3"><subfield code="a">forest ecology</subfield></datafield><datafield tag="650" ind1=" " ind2="3"><subfield code="a">Acer palmatum</subfield></datafield><datafield tag="650" ind1=" " ind2="3"><subfield code="a">light</subfield></datafield><datafield tag="650" ind1=" " ind2="3"><subfield code="a">intraspecific competition</subfield></datafield><datafield tag="651" ind1=" " ind2="3"><subfield code="a">Japan</subfield></datafield><datafield tag="653" ind1=" " ind2="0"><subfield code="a">recruitment</subfield></datafield><datafield tag="653" ind1=" " ind2="0"><subfield code="a">natural thinning</subfield></datafield><datafield tag="653" ind1=" " ind2="0"><subfield code="a">dispersal</subfield></datafield><datafield tag="700" ind1="1" ind2=" "><subfield code="a">Ribbens, E.</subfield></datafield><datafield tag="773" ind1="0" ind2=" "><subfield code="t">American journal of botany.</subfield><subfield code="g">1997 Sept., v. 84, no. 9 p.1294-1300</subfield><subfield code="x">0002-9122</subfield><subfield code="7">nnas</subfield></datafield><datafield tag="787" ind1="1" ind2=" "><subfield code="o">islandora_article_repository</subfield></datafield><datafield tag="787" ind1="1" ind2=" "><subfield code="o">(Journal)jnl44651</subfield></datafield><datafield tag="852" ind1=" " ind2=" "><subfield code="a">DNAL</subfield></datafield><datafield tag="912" ind1=" " ind2=" "><subfield code="a">Article</subfield></datafield><datafield tag="914" ind1=" " ind2=" "><subfield code="a">Journal:jnl44651</subfield></datafield><datafield tag="914" ind1=" " ind2=" "><subfield code="f">Am. j. bot</subfield></datafield><datafield tag="917" ind1=" " ind2=" "><subfield code="a">issued</subfield></datafield><datafield tag="930" ind1=" " ind2=" "><subfield code="a">19980401</subfield><subfield code="b">19980408</subfield><subfield code="c">00000000</subfield></datafield><datafield tag="935" ind1=" " ind2=" "><subfield code="a">IND20623241</subfield><subfield code="9">ExL</subfield></datafield><datafield tag="945" ind1=" " ind2=" "><subfield code="a">IND</subfield><subfield code="d">CTR</subfield></datafield><datafield tag="946" ind1=" " ind2=" "><subfield code="a">Other US</subfield></datafield><datafield tag="952" ind1=" " ind2=" "><subfield code="a">19980401 19980408 00000000</subfield><subfield code="b">IND CTR </subfield></datafield><datafield tag="974" ind1=" " ind2=" "><subfield code="a">agid:2568622</subfield></datafield><datafield tag="984" ind1=" " ind2=" "><subfield code="a">2014-12-25</subfield></datafield><datafield tag="985" ind1=" " ind2=" "><subfield code="a">Converted from MARCXML to MODS version 3.4 using MARC21slim2MODS3-4.xsl (Revision 1.95 2014/04/23)</subfield></datafield><datafield tag="986" ind1=" " ind2=" "><subfield code="a">3263959</subfield></datafield></record>