<record><leader>04539nab a2200829 u 4500</leader><controlfield tag="001">9916336508607426</controlfield><controlfield tag="005">20221118175135.0</controlfield><controlfield tag="008">100611e201007 xx |||||o|||||||||||eng||</controlfield><datafield tag="" ind1="7" ind2=" "><subfield code="a">IND44383645</subfield><subfield code="2">DNAL</subfield></datafield><datafield tag="024" ind1="7" ind2=" "><subfield code="a">10.1111/j.1472-4642.2010.00668.x</subfield><subfield code="2">doi</subfield></datafield><datafield tag="035" ind1=" " ind2=" "><subfield code="a">agid:2250006-01nal_inst</subfield></datafield><datafield tag="040" ind1=" " ind2=" "><subfield code="a">AGL</subfield><subfield code="b">eng</subfield><subfield code="c">AGL</subfield></datafield><datafield tag="100" ind1="1" ind2=" "><subfield code="a">Platts, Philip J.</subfield></datafield><datafield tag="245" ind1="1" ind2="0"><subfield code="a">Can distribution models help refine inventory-based estimates of conservation priority? A case study in the Eastern Arc forests of Tanzania and Kenya</subfield></datafield><datafield tag="300" ind1=" " ind2=" "><subfield code="a">p. 628-642.</subfield></datafield><datafield tag="520" ind1=" " ind2=" "><subfield code="a">Data shortages mean that conservation priorities can be highly sensitive to historical patterns of exploration. Here, we investigate the potential of regionally focussed species distribution models to elucidate fine-scale patterns of richness, rarity and endemism. Eastern Arc Mountains, Tanzania and Kenya. Generalized additive models and land cover data are used to estimate the distributions of 452 forest plant taxa (trees, lianas, shrubs and herbs). Presence records from a newly compiled database are regressed against environmental variables in a stepwise multimodel. Estimates of occurrence in forest patches are collated across target groups and analysed alongside inventory-based estimates of conservation priority. Predicted richness is higher than observed richness, with the biggest disparities in regions that have had the least research. North Pare and Nguu in particular are predicted to be more important than the inventory data suggest. Environmental conditions in parts of Nguru could support as many range-restricted and endemic taxa as Uluguru, although realized niches are subject to unknown colonization histories. Concentrations of rare plants are especially high in the Usambaras, a pattern mediated in models by moisture indices, whilst overall richness is better explained by temperature gradients. Tree data dominate the botanical inventory; we find that priorities based on other growth forms might favour the mountains in a different order. Distribution models can provide conservation planning with high-resolution estimates of richness in well-researched areas, and predictive estimates of conservation importance elsewhere. Spatial and taxonomic biases in the data are essential considerations, as is the spatial scale used for models. We caution that predictive estimates are most uncertain for the species of highest conservation concern, and advocate using models and targeted field assessments iteratively to refine our understanding of which areas should be prioritised for conservation.</subfield></datafield><datafield tag="593" ind1=" " ind2=" "><subfield code="a">PubAg article</subfield></datafield><datafield tag="650" ind1=" " ind2="3"><subfield code="a">biogeography</subfield></datafield><datafield tag="650" ind1=" " ind2="3"><subfield code="a">botanical composition</subfield></datafield><datafield tag="650" ind1=" " ind2="3"><subfield code="a">case studies</subfield></datafield><datafield tag="650" ind1=" " ind2="3"><subfield code="a">databases</subfield></datafield><datafield tag="650" ind1=" " ind2="3"><subfield code="a">environmental factors</subfield></datafield><datafield tag="650" ind1=" " ind2="3"><subfield code="a">forests</subfield></datafield><datafield tag="650" ind1=" " ind2="3"><subfield code="a">herbs</subfield></datafield><datafield tag="650" ind1=" " ind2="3"><subfield code="a">indigenous species</subfield></datafield><datafield tag="650" ind1=" " ind2="3"><subfield code="a">inventories</subfield></datafield><datafield tag="650" ind1=" " ind2="3"><subfield code="a">land cover</subfield></datafield><datafield tag="650" ind1=" " ind2="3"><subfield code="a">lianas</subfield></datafield><datafield tag="650" ind1=" " ind2="3"><subfield code="a">models</subfield></datafield><datafield tag="650" ind1=" " ind2="3"><subfield code="a">mountains</subfield></datafield><datafield tag="650" ind1=" " ind2="3"><subfield code="a">niches</subfield></datafield><datafield tag="650" ind1=" " ind2="3"><subfield code="a">planning</subfield></datafield><datafield tag="650" ind1=" " ind2="3"><subfield code="a">shrubs</subfield></datafield><datafield tag="650" ind1=" " ind2="3"><subfield code="a">temperature profiles</subfield></datafield><datafield tag="650" ind1=" " ind2="3"><subfield code="a">trees</subfield></datafield><datafield tag="651" ind1=" " ind2="3"><subfield code="a">Kenya</subfield></datafield><datafield tag="651" ind1=" " ind2="3"><subfield code="a">Tanzania</subfield></datafield><datafield tag="653" ind1=" " ind2="0"><subfield code="a">conservation planning</subfield></datafield><datafield tag="653" ind1=" " ind2="0"><subfield code="a">endemism</subfield></datafield><datafield tag="653" ind1=" " ind2="0"><subfield code="a">rare species</subfield></datafield><datafield tag="653" ind1=" " ind2="0"><subfield code="a">sampling bias</subfield></datafield><datafield tag="653" ind1=" " ind2="0"><subfield code="a">spatial predictions</subfield></datafield><datafield tag="700" ind1="1" ind2=" "><subfield code="a">Ahrends, Antje</subfield></datafield><datafield tag="700" ind1="1" ind2=" "><subfield code="a">Gereau, Roy E.</subfield></datafield><datafield tag="700" ind1="1" ind2=" "><subfield code="a">McClean, Colin J.</subfield></datafield><datafield tag="700" ind1="1" ind2=" "><subfield code="a">Lovett, Jon C.</subfield></datafield><datafield tag="700" ind1="1" ind2=" "><subfield code="a">Marshall, Andrew R.</subfield></datafield><datafield tag="700" ind1="1" ind2=" "><subfield code="a">Pellikka, Petri K.E.</subfield></datafield><datafield tag="700" ind1="1" ind2=" "><subfield code="a">Mulligan, Mark</subfield></datafield><datafield tag="700" ind1="1" ind2=" "><subfield code="a">Fanning, Eibleis</subfield></datafield><datafield tag="700" ind1="1" ind2=" "><subfield code="a">Marchant, Rob</subfield></datafield><datafield tag="773" ind1="0" ind2=" "><subfield code="t">Diversity &amp; distributions.</subfield><subfield code="g">2010 July, v. 16, no. 4 p.628-642</subfield><subfield code="d">Oxford, UK : Blackwell Publishing Ltd</subfield><subfield code="x">1366-9516</subfield><subfield code="7">nnas</subfield></datafield><datafield tag="787" ind1="1" ind2=" "><subfield code="o">islandora_article_repository</subfield></datafield><datafield tag="787" ind1="1" ind2=" "><subfield code="o">product_pubag</subfield></datafield><datafield tag="787" ind1="1" ind2=" "><subfield code="o">(Journal)jnl3867071</subfield></datafield><datafield tag="852" ind1=" " ind2=" "><subfield code="a">DNAL</subfield></datafield><datafield tag="856" ind1="4" ind2="0"><subfield code="u">http://dx.doi.org/10.1111/j.1472-4642.2010.00668.x</subfield><subfield code="3">Available from publisher's Web site</subfield></datafield><datafield tag="912" ind1=" " ind2=" "><subfield code="a">Article</subfield></datafield><datafield tag="914" ind1=" " ind2=" "><subfield code="a">Journal:jnl3867071</subfield></datafield><datafield tag="914" ind1=" " ind2=" "><subfield code="f">Diversity &amp; distributions</subfield></datafield><datafield tag="916" ind1=" " ind2=" "><subfield code="a">Batch:1245</subfield></datafield><datafield tag="917" ind1=" " ind2=" "><subfield code="a">issued</subfield></datafield><datafield tag="930" ind1=" " ind2=" "><subfield code="a">20100612</subfield><subfield code="b">20100703</subfield><subfield code="c">00000000</subfield></datafield><datafield tag="935" ind1=" " ind2=" "><subfield code="a">IND44383645</subfield><subfield code="9">ExL</subfield></datafield><datafield tag="946" ind1=" " ind2=" "><subfield code="a">Non-US</subfield></datafield><datafield tag="949" ind1=" " ind2=" "><subfield code="a">2-03-22</subfield></datafield><datafield tag="952" ind1=" " ind2=" "><subfield code="a">20100612 20100703 00000000</subfield></datafield><datafield tag="962" ind1=" " ind2=" "><subfield code="a">Batch:1245 reviewed on 2-03-22T14:00:02Z</subfield></datafield><datafield tag="974" ind1=" " ind2=" "><subfield code="a">agid:2250006</subfield></datafield><datafield tag="984" ind1=" " ind2=" "><subfield code="a">2-03-22</subfield></datafield><datafield tag="985" ind1=" " ind2=" "><subfield code="a">Converted from MARCXML to MODS version 3.4 using MARC21slim2MODS3-4.xsl (Revision 1.95 2014/04/23)</subfield></datafield><datafield tag="986" ind1=" " ind2=" "><subfield code="a">4383645</subfield></datafield></record>