<record><leader>04242nab a2200553 u 4500</leader><controlfield tag="001">9916336774407426</controlfield><controlfield tag="005">20221118175952.0</controlfield><controlfield tag="008">190319e20130224xx |||||o|||||||||||eng||</controlfield><datafield tag="" ind1="7" ind2=" "><subfield code="a">IND601116179</subfield><subfield code="2">DNAL</subfield></datafield><datafield tag="024" ind1="7" ind2=" "><subfield code="a">10.1/j.ecolmodel.2012.12.009</subfield><subfield code="2">doi</subfield></datafield><datafield tag="035" ind1=" " ind2=" "><subfield code="a">agid:1116179-01nal_inst</subfield></datafield><datafield tag="040" ind1=" " ind2=" "><subfield code="a">AGL</subfield><subfield code="b">eng</subfield><subfield code="c">AGL</subfield></datafield><datafield tag="100" ind1="1" ind2=" "><subfield code="a">Pommerening, Arne</subfield><subfield code="e">author</subfield><subfield code="u">Bern University of Applied Sciences, School of Agricultural, Forest and Food Sciences HAFL, Länggasse 85, CH-3052 Zollikofen, Switzerland</subfield></datafield><datafield tag="245" ind1="1" ind2="0"><subfield code="a">What mark variograms tell about spatial plant interactions</subfield></datafield><datafield tag="300" ind1=" " ind2=" "><subfield code="a">p. 64-72.</subfield></datafield><datafield tag="520" ind1=" " ind2=" "><subfield code="a">Many if not all data collected in ecology have both a spatial as well as a temporal dimension. This suggests the use of summary characteristics from spatial statistics to gain more refined insight into plant interactions. Spatial tree data can for example be considered as point patterns (formed by tree locations) with attached marks (e.g. tree sizes). If only the pattern of tree locations is of interest one can use for example the pair correlation function. If in addition, the sizes (or some other characteristics) of trees or other plants are of interest, marked summary statistics can be more suitable. In this paper, we propose the so-called mark variogram as a useful tool in ecological studies. This summary characteristic basically indicates how similar two plants within a certain distance from each other are. For example, if two plants are approximately of the same size, the mark variogram has small values, and if their sizes differ somewhat, the mark variogram has large values. Recently, there has been a lot of discussion on how to interpret the shape of mark variograms caused by pairs of plants with different sizes at close proximity. Such variogram shapes exhibiting so-called negative autocorrelation, another expression for high small-scaled size diversity, are assumed to indicate strong competition between plants.In this study, we reconstructed two spatial tree time series where negative autocorrelation has occurred and also simulated four alternative forest development paths in order to experimentally explore the causes of negative autocorrelation.Interestingly the results highlighted that man-made disturbances (e.g. thinnings) often result in a significant number of pairs of large and small trees at close proximity leading to negative autocorrelation. We could also show that whilst negative autocorrelation can be the consequence of natural forest development including competition processes, it can, however, also be the consequence of disturbances and of subsequent colonisation by small trees.Since disturbances play an important role in the development of negative autocorrelation, the mark variogram is a key summary characteristic in disturbance ecology.</subfield></datafield><datafield tag="592" ind1=" " ind2=" "><subfield code="a">Publisher supplied data</subfield></datafield><datafield tag="593" ind1=" " ind2=" "><subfield code="a">PubAg article</subfield></datafield><datafield tag="650" ind1=" " ind2="3"><subfield code="a">autocorrelation</subfield></datafield><datafield tag="650" ind1=" " ind2="3"><subfield code="a">ecology</subfield></datafield><datafield tag="650" ind1=" " ind2="3"><subfield code="a">forests</subfield></datafield><datafield tag="650" ind1=" " ind2="3"><subfield code="a">time series analysis</subfield></datafield><datafield tag="650" ind1=" " ind2="3"><subfield code="a">trees</subfield></datafield><datafield tag="653" ind1=" " ind2="0"><subfield code="a">Plant interactions</subfield></datafield><datafield tag="653" ind1=" " ind2="0"><subfield code="a">Negative autocorrelation</subfield></datafield><datafield tag="653" ind1=" " ind2="0"><subfield code="a">Individual-based model</subfield></datafield><datafield tag="653" ind1=" " ind2="0"><subfield code="a">Evolution of spatial tree patterns</subfield></datafield><datafield tag="653" ind1=" " ind2="0"><subfield code="a">Plant interactions</subfield></datafield><datafield tag="653" ind1=" " ind2="0"><subfield code="a">Disturbances</subfield></datafield><datafield tag="700" ind1="1" ind2=" "><subfield code="a">Särkkä, Aila</subfield><subfield code="e">author</subfield><subfield code="u">Department of Mathematical Sciences, Chalmers University of Technology, 412 96 Gothenburg, Sweden</subfield></datafield><datafield tag="773" ind1="0" ind2=" "><subfield code="t">Ecological modelling.</subfield><subfield code="g">2013 Feb. 24, v. 251 p.64-72</subfield><subfield code="d">Elsevier B.V.</subfield><subfield code="w">Journal:jnl6191</subfield><subfield code="x">0304-3800</subfield><subfield code="7">nnas</subfield></datafield><datafield tag="787" ind1="1" ind2=" "><subfield code="o">islandora_article_repository</subfield></datafield><datafield tag="787" ind1="1" ind2=" "><subfield code="o">product_pubag</subfield></datafield><datafield tag="787" ind1="1" ind2=" "><subfield code="o">(Journal)jnl6191</subfield></datafield><datafield tag="856" ind1="4" ind2="0"><subfield code="u">https://dx.doi.org/10.1/j.ecolmodel.2012.12.009</subfield><subfield code="3">Available from publisher's site</subfield></datafield><datafield tag="912" ind1=" " ind2=" "><subfield code="a">Article</subfield></datafield><datafield tag="914" ind1=" " ind2=" "><subfield code="a">Journal:jnl6191</subfield><subfield code="b">0304-3800</subfield><subfield code="c">251</subfield><subfield code="e">64</subfield></datafield><datafield tag="914" ind1=" " ind2=" "><subfield code="f">Ecological modelling</subfield></datafield><datafield tag="916" ind1=" " ind2=" "><subfield code="a">Batch:786</subfield></datafield><datafield tag="917" ind1=" " ind2=" "><subfield code="a">issued</subfield></datafield><datafield tag="918" ind1="2" ind2=" "><subfield code="a">Elsevier Consyn</subfield><subfield code="e">provider</subfield><subfield code="5">DNAL</subfield></datafield><datafield tag="935" ind1=" " ind2=" "><subfield code="a">IND601116179</subfield><subfield code="9">ExL</subfield></datafield><datafield tag="949" ind1=" " ind2=" "><subfield code="a">2019-03-19</subfield></datafield><datafield tag="953" ind1=" " ind2=" "><subfield code="a">/data/metadata/incoming/consyn/46-2-00052-HEAD-ONLY.zip</subfield></datafield><datafield tag="954" ind1=" " ind2=" "><subfield code="a">file:/data/metadata/staging/consyn/S0304380012005753.xml</subfield></datafield><datafield tag="955" ind1=" " ind2=" "><subfield code="a">/data/metadata/staging/consyn/</subfield></datafield><datafield tag="974" ind1=" " ind2=" "><subfield code="a">agid:1116179</subfield></datafield><datafield tag="983" ind1=" " ind2=" "><subfield code="a">2019-03-19</subfield></datafield><datafield tag="984" ind1=" " ind2=" "><subfield code="a">2019-03-19</subfield></datafield></record>