<record><leader>04799nab a2200625 u 4500</leader><controlfield tag="001">9916337061807426</controlfield><controlfield tag="005">20221118182909.0</controlfield><controlfield tag="008">210228e202101 xx |||||o|||||||||||eng||</controlfield><datafield tag="" ind1="7" ind2=" "><subfield code="a">IND607295331</subfield><subfield code="2">DNAL</subfield></datafield><datafield tag="024" ind1="7" ind2=" "><subfield code="a">10.1111/jvs.12947</subfield><subfield code="2">doi</subfield></datafield><datafield tag="035" ind1=" " ind2=" "><subfield code="a">agid:7295331-01nal_inst</subfield></datafield><datafield tag="040" ind1=" " ind2=" "><subfield code="a">AGL</subfield><subfield code="b">eng</subfield><subfield code="c">AGL</subfield></datafield><datafield tag="100" ind1="1" ind2=" "><subfield code="a">Viana, Jéssica Lira</subfield><subfield code="e">author</subfield><subfield code="u">Department of Plant Biology, University of Illinois at Urbana‐Champaign, Urbana, IL, USA</subfield><subfield code="1">https://orcid.org/0000-0002-0794-7657</subfield></datafield><datafield tag="245" ind1="1" ind2="0"><subfield code="a">Compositional variation in understorey fern and palm communities along a soil fertility and rainfall gradient in a lower montane tropical forest</subfield></datafield><datafield tag="500" ind1=" " ind2=" "><subfield code="a">NAL-AP-2-clean</subfield></datafield><datafield tag="500" ind1=" " ind2=" "><subfield code="a">JOURNAL ARTICLE</subfield></datafield><datafield tag="520" ind1=" " ind2=" "><subfield code="a">QUESTIONS: Ferns and palms are key components of tropical wet forest understories. The distributions of these groups are influenced by variation in rainfall and soil properties, although the degree to which their resource requirements overlap remains unclear. Palms and ferns also represent extremes in a spectrum of reproductive traits, which may impact habitat requirements and compositional turnover. We asked whether: (a) environmental variables influence fern and palm distributions in a similar manner across a gradient in soil nutrient availability; and (b) larger propagule size and lower reproductive output in palms result in greater spatial aggregation of populations and, consequently, greater distance–decay rates in community similarity in palms than ferns. LOCATION: Old‐growth premontane forest, Fortuna, western Panama. METHODS: All ferns and palms were sampled in fifteen 5 m × 5 m subplots in each of 12 one‐hectare plots. The plots span a strong gradient in soil nutrient availability related to parent material. Light, precipitation and soil variables were measured in each subplot. Species associations were analyzed using ordination and regression, as well as Procrustes and Mantel tests. RESULTS: Parent material significantly impacted compositional similarity of both ferns and palms, with fern compositional variation related to total soil N:P ratio and red:far red (R:FR), and palms with bulk density (p &lt; 0.05). Palm and fern abundances were not correlated; however, tree fern abundances showed an opposing abundance relationship with total soil N:P and R:FR compared to herbaceous ferns and palms. Distance–decay rates in compositional similarity were slightly higher for palms than ferns. CONCLUSIONS: Ferns and palms show similar patterns of compositional variation in response to resource availability but were related to distinct environmental factors. Soil fertility and light availability emerged as key factors in predicting the abundance of plant groups, with clear partitioning of environmental gradients only apparent when tree ferns were compared with other groups.</subfield></datafield><datafield tag="592" ind1=" " ind2=" "><subfield code="a">Publisher supplied data</subfield></datafield><datafield tag="593" ind1=" " ind2=" "><subfield code="a">PubAg article</subfield></datafield><datafield tag="596" ind1=" " ind2=" "><subfield code="c">Conselho Nacional de Desenvolvimento Científico e Tecnológico</subfield></datafield><datafield tag="596" ind1=" " ind2=" "><subfield code="c">Center for Latin American and Caribbean Studies at the University of Illinois at Urbana–Champaign</subfield></datafield><datafield tag="596" ind1=" " ind2=" "><subfield code="c">Smithsonian Tropical Research Institute</subfield></datafield><datafield tag="650" ind1=" " ind2="3"><subfield code="a">bulk density</subfield></datafield><datafield tag="650" ind1=" " ind2="3"><subfield code="a">habitats</subfield></datafield><datafield tag="650" ind1=" " ind2="3"><subfield code="a">nutrient availability</subfield></datafield><datafield tag="650" ind1=" " ind2="3"><subfield code="a">rain</subfield></datafield><datafield tag="650" ind1=" " ind2="3"><subfield code="a">reproductive performance</subfield></datafield><datafield tag="650" ind1=" " ind2="3"><subfield code="a">soil fertility</subfield></datafield><datafield tag="650" ind1=" " ind2="3"><subfield code="a">soil nutrients</subfield></datafield><datafield tag="650" ind1=" " ind2="3"><subfield code="a">tree ferns</subfield></datafield><datafield tag="650" ind1=" " ind2="3"><subfield code="a">trees</subfield></datafield><datafield tag="650" ind1=" " ind2="3"><subfield code="a">tropical forests</subfield></datafield><datafield tag="650" ind1=" " ind2="3"><subfield code="a">understory</subfield></datafield><datafield tag="651" ind1=" " ind2="3"><subfield code="a">Panama</subfield></datafield><datafield tag="700" ind1="1" ind2=" "><subfield code="a">Turner, Benjamin Luke</subfield><subfield code="e">author</subfield><subfield code="u">Smithsonian Tropical Research Institute, Balboa, Republic of Panama</subfield><subfield code="1">https://orcid.org/0000-0002-6585-0722</subfield></datafield><datafield tag="700" ind1="1" ind2=" "><subfield code="a">Dalling, James William</subfield><subfield code="e">author</subfield><subfield code="u">Department of Plant Biology, University of Illinois at Urbana‐Champaign, Urbana, IL, USA</subfield><subfield code="1">https://orcid.org/0000-0002-6488-9895</subfield></datafield><datafield tag="773" ind1="0" ind2=" "><subfield code="t">Journal of vegetation science.</subfield><subfield code="g">2021 Jan., v. 32, no. 1 p.e12947-</subfield><subfield code="d">John Wiley &amp; Sons, Ltd</subfield><subfield code="w">Journal:jnl46820</subfield><subfield code="x">1100-9233</subfield><subfield code="7">nnas</subfield></datafield><datafield tag="787" ind1="1" ind2=" "><subfield code="o">islandora_article_repository</subfield></datafield><datafield tag="787" ind1="1" ind2=" "><subfield code="o">product_pubag</subfield></datafield><datafield tag="787" ind1="1" ind2=" "><subfield code="o">(Journal)jnl46820</subfield></datafield><datafield tag="856" ind1="4" ind2="0"><subfield code="u">http://dx.doi.org/10.1111/jvs.12947</subfield><subfield code="3">Available from publisher's site</subfield></datafield><datafield tag="912" ind1=" " ind2=" "><subfield code="a">Article</subfield></datafield><datafield tag="914" ind1=" " ind2=" "><subfield code="a">Journal:jnl46820</subfield><subfield code="b">1100-9233</subfield><subfield code="c">32</subfield><subfield code="d">1</subfield><subfield code="e">e12947</subfield></datafield><datafield tag="914" ind1=" " ind2=" "><subfield code="f">Journal of vegetation science</subfield></datafield><datafield tag="916" ind1=" " ind2=" "><subfield code="a">Batch:10148</subfield></datafield><datafield tag="917" ind1=" " ind2=" "><subfield code="a">issued</subfield></datafield><datafield tag="918" ind1="2" ind2=" "><subfield code="a">John Wiley &amp; Sons, Inc</subfield><subfield code="e">provider</subfield><subfield code="5">DNAL</subfield></datafield><datafield tag="935" ind1=" " ind2=" "><subfield code="a">IND607295331</subfield><subfield code="9">ExL</subfield></datafield><datafield tag="949" ind1=" " ind2=" "><subfield code="a">2021-06-18</subfield></datafield><datafield tag="953" ind1=" " ind2=" "><subfield code="a">/data/metadata/incoming/wiley/11009233_2021_32_1.xml</subfield></datafield><datafield tag="954" ind1=" " ind2=" "><subfield code="a">file:/data/metadata/staging/wiley/11009233_2021_32_1.xml</subfield></datafield><datafield tag="955" ind1=" " ind2=" "><subfield code="a">/data/metadata/staging/wiley/</subfield></datafield><datafield tag="974" ind1=" " ind2=" "><subfield code="a">agid:7295331</subfield></datafield><datafield tag="983" ind1=" " ind2=" "><subfield code="a">2021-02-28</subfield></datafield><datafield tag="984" ind1=" " ind2=" "><subfield code="a">2021-06-18</subfield></datafield></record>