<record><leader>02534nab a2200517 u 4500</leader><controlfield tag="001">9916337067907426</controlfield><controlfield tag="005">20221118183532.0</controlfield><controlfield tag="008">950410e199501 enk|||||o|||||||||||eng||</controlfield><datafield tag="" ind1="7" ind2=" "><subfield code="a">IND20454910</subfield><subfield code="2">DNAL</subfield></datafield><datafield tag="035" ind1=" " ind2=" "><subfield code="a">agid:2821122-01nal_inst</subfield></datafield><datafield tag="040" ind1=" " ind2=" "><subfield code="a">AGL</subfield><subfield code="b">eng</subfield><subfield code="c">AGL</subfield></datafield><datafield tag="100" ind1="1" ind2=" "><subfield code="a">Shapcott, A.</subfield></datafield><datafield tag="245" ind1="1" ind2="4"><subfield code="a">The spatial genetic structure in natural populations of the Australian temperate rainforest tree Atherosperma moschatum (Labill.) (Monimiaceae)</subfield></datafield><datafield tag="300" ind1=" " ind2=" "><subfield code="a">p. 28-38.</subfield></datafield><datafield tag="500" ind1=" " ind2=" "><subfield code="a">2019-12-05</subfield></datafield><datafield tag="520" ind1=" " ind2=" "><subfield code="a">The spatial distribution of genotypes at six enzyme loci was investigated in 17 natural populations of the temperate rainforest tree Atherosperma moschatum using spatial autocorrelation. The results from the different enzymes were consistent at each population as well as among populations, particularly at short distances. There were stronger associations overall between like homozygous trees than like heterozygous trees. Unlike trees were generally significantly negatively autocorrelated at short distances. Two consistent patterns of associations were found with increasing distances between trees. A highly consistent average patch length was found in most populations for the enzymes studied. The results suggest that there are small neighbourhood sizes in this species and therefore small stands are worth conserving. In addition, larger populations are unlikely to be homogenous. Therefore, conserving one part of a population may not adequately sample its genetic variability.</subfield></datafield><datafield tag="650" ind1=" " ind2="3"><subfield code="a">Atherosperma moschatum</subfield></datafield><datafield tag="650" ind1=" " ind2="3"><subfield code="a">population</subfield></datafield><datafield tag="650" ind1=" " ind2="3"><subfield code="a">loci</subfield></datafield><datafield tag="650" ind1=" " ind2="3"><subfield code="a">spatial distribution</subfield></datafield><datafield tag="650" ind1=" " ind2="3"><subfield code="a">autocorrelation</subfield></datafield><datafield tag="650" ind1=" " ind2="3"><subfield code="a">heterozygosity</subfield></datafield><datafield tag="650" ind1=" " ind2="3"><subfield code="a">rain forests</subfield></datafield><datafield tag="650" ind1=" " ind2="3"><subfield code="a">population genetics</subfield></datafield><datafield tag="650" ind1=" " ind2="3"><subfield code="a">allozymes</subfield></datafield><datafield tag="650" ind1=" " ind2="3"><subfield code="a">homozygosity</subfield></datafield><datafield tag="651" ind1=" " ind2="3"><subfield code="a">Tasmania</subfield></datafield><datafield tag="653" ind1=" " ind2="0"><subfield code="a">genotype</subfield></datafield><datafield tag="653" ind1=" " ind2="0"><subfield code="a">spatial autocorrelation</subfield></datafield><datafield tag="773" ind1="0" ind2=" "><subfield code="t">Heredity.</subfield><subfield code="g">1995 Jan., v. 74, no. pt.1 p.28-38</subfield><subfield code="x">0018-067X</subfield><subfield code="7">nnas</subfield></datafield><datafield tag="787" ind1="1" ind2=" "><subfield code="o">islandora_article_repository</subfield></datafield><datafield tag="787" ind1="1" ind2=" "><subfield code="o">(Journal)1939</subfield></datafield><datafield tag="852" ind1=" " ind2=" "><subfield code="a">DNAL</subfield></datafield><datafield tag="912" ind1=" " ind2=" "><subfield code="a">Article</subfield></datafield><datafield tag="914" ind1=" " ind2=" "><subfield code="a">Journal:1939</subfield></datafield><datafield tag="914" ind1=" " ind2=" "><subfield code="f">Heredity</subfield></datafield><datafield tag="917" ind1=" " ind2=" "><subfield code="a">issued</subfield></datafield><datafield tag="930" ind1=" " ind2=" "><subfield code="a">19950501</subfield><subfield code="b">19950505</subfield><subfield code="c">00000000</subfield></datafield><datafield tag="935" ind1=" " ind2=" "><subfield code="a">IND20454910</subfield><subfield code="9">ExL</subfield></datafield><datafield tag="945" ind1=" " ind2=" "><subfield code="a">IND</subfield><subfield code="d">RHF</subfield></datafield><datafield tag="946" ind1=" " ind2=" "><subfield code="a">Non-US</subfield></datafield><datafield tag="952" ind1=" " ind2=" "><subfield code="a">19950501 19950505 00000000</subfield><subfield code="b">IND RHF </subfield></datafield><datafield tag="974" ind1=" " ind2=" "><subfield code="a">agid:2821122</subfield></datafield><datafield tag="984" ind1=" " ind2=" "><subfield code="a">2014-12-25</subfield></datafield><datafield tag="985" ind1=" " ind2=" "><subfield code="a">Converted from MARCXML to MODS version 3.4 using MARC21slim2MODS3-4.xsl (Revision 1.95 2014/04/23)</subfield></datafield><datafield tag="986" ind1=" " ind2=" "><subfield code="a">3106550</subfield></datafield></record>