<record><leader>04877nab a2200625 u 4500</leader><controlfield tag="001">9916337400607426</controlfield><controlfield tag="005">20221118183409.0</controlfield><controlfield tag="008">151020e201511 xx |||||o|||||||||||eng||</controlfield><datafield tag="" ind1="7" ind2=" "><subfield code="a">IND604359203</subfield><subfield code="2">DNAL</subfield></datafield><datafield tag="024" ind1="7" ind2=" "><subfield code="a">10.1111/jvs.12313</subfield><subfield code="2">doi</subfield></datafield><datafield tag="035" ind1=" " ind2=" "><subfield code="a">agid:4359203-01nal_inst</subfield></datafield><datafield tag="040" ind1=" " ind2=" "><subfield code="a">AGL</subfield><subfield code="b">eng</subfield><subfield code="c">AGL</subfield></datafield><datafield tag="100" ind1="1" ind2=" "><subfield code="a">Velázquez, Eduardo</subfield><subfield code="e">author</subfield><subfield code="u">Department of Ecological Modelling, Helmholtz Centre for Environmental Research ‐ UFZ, Permoserstr.15, 04318, Leipzig, Germany; Departamento de Biología, Centro Universitario de Coyhaique, Universidad de Magallanes, José Miguel Carrera 485, Coyhaique, Chile</subfield></datafield><datafield tag="245" ind1="1" ind2="0"><subfield code="a">Linking trait similarity to interspecific spatial associations in a moist tropical forest</subfield></datafield><datafield tag="300" ind1=" " ind2=" "><subfield code="a">p. 1068-1079.</subfield></datafield><datafield tag="520" ind1=" " ind2=" "><subfield code="a">AIM: Community assembly theory predicts that niche differentiation promotes the spatial clustering of functionally dissimilar species, whereas habitat filtering has the converse effect. We used these predictions to assess the relative effects of habitat filtering and niche differentiation on recruit community assembly over spatial (5‐ and 30‐m neighbourhoods) and temporal (20‐yr) scales in the Forest Dynamics Plot at Barro Colorado Island. LOCATION: Barro Colorado Island, Panama. METHODS: We integrated data on the spatial patterns of ≥1 cm DBH (diameter at 1.3 m above ground) recruits with data on seven functional traits for 64 species. First, we quantified the interspecific association patterns of all species pairs i and j using the K‐function Kᵢⱼ(r) and the nearest‐neighbour distribution function Dᵢⱼ(r). Second, for those pairs with significant spatial associations, we calculated an index of interspecific spatial association using the results of these two summary statistics. Finally, we examined the relationship between interspecific spatial association and trait similarity using simple and partial Mantel tests. RESULTS: In all censuses, almost one‐half of species pairs had no spatial associations, but for pairs that were significantly spatially associated, positive relationships between trait similarity and spatial association occurred in 5‐m and 30‐m neighbourhoods, whereas significant negative relationships only appeared in 5‐m neighbourhoods. This suggests that habitat filtering was more important than niche differentiation in assembling recruit communities at 5‐ and 30‐m scales. Habitat filtering mainly acted upon traits related to topographic habitat preferences and dispersal mode, whereas spatial association was inversely related to similarity in terms of wood specific gravity and shade tolerance. CONCLUSIONS: Our findings suggest that both stochastic and deterministic processes operate in species‐rich ecological communities, but the role of habitat filtering and niche differentiation as determinants of community assembly vary over spatial and temporal scales. Species co‐occurrence was driven by habitat filtering at small and large scales, but also by a combination of niche differentiation and weaker‐competitor exclusion effects at small scales. Temporal variations in the importance of habitat filtering and niche differentiation could be related to the occurrence of disturbances such as tree falls. Our results emphasize the role of trait‐based processes in plant community assembly.</subfield></datafield><datafield tag="592" ind1=" " ind2=" "><subfield code="a">Publisher supplied data</subfield></datafield><datafield tag="593" ind1=" " ind2=" "><subfield code="a">PubAg article</subfield></datafield><datafield tag="650" ind1=" " ind2="3"><subfield code="a">habitat preferences</subfield></datafield><datafield tag="650" ind1=" " ind2="3"><subfield code="a">habitats</subfield></datafield><datafield tag="650" ind1=" " ind2="3"><subfield code="a">islands</subfield></datafield><datafield tag="650" ind1=" " ind2="3"><subfield code="a">plant communities</subfield></datafield><datafield tag="650" ind1=" " ind2="3"><subfield code="a">prediction</subfield></datafield><datafield tag="650" ind1=" " ind2="3"><subfield code="a">shade tolerance</subfield></datafield><datafield tag="650" ind1=" " ind2="3"><subfield code="a">spatial data</subfield></datafield><datafield tag="650" ind1=" " ind2="3"><subfield code="a">specific gravity</subfield></datafield><datafield tag="650" ind1=" " ind2="3"><subfield code="a">statistics</subfield></datafield><datafield tag="650" ind1=" " ind2="3"><subfield code="a">temporal variation</subfield></datafield><datafield tag="650" ind1=" " ind2="3"><subfield code="a">testing</subfield></datafield><datafield tag="650" ind1=" " ind2="3"><subfield code="a">trees</subfield></datafield><datafield tag="650" ind1=" " ind2="3"><subfield code="a">tropical forests</subfield></datafield><datafield tag="650" ind1=" " ind2="3"><subfield code="a">wood</subfield></datafield><datafield tag="651" ind1=" " ind2="3"><subfield code="a">Panama</subfield></datafield><datafield tag="700" ind1="1" ind2=" "><subfield code="a">Paine, C. E. Timothy</subfield><subfield code="e">author</subfield></datafield><datafield tag="700" ind1="1" ind2=" "><subfield code="a">May, Felix</subfield><subfield code="e">author</subfield></datafield><datafield tag="700" ind1="1" ind2=" "><subfield code="a">Wiegand, Thorsten</subfield><subfield code="e">author</subfield></datafield><datafield tag="700" ind1="1" ind2=" "><subfield code="a">Bello, Francesco</subfield><subfield code="e">author</subfield></datafield><datafield tag="773" ind1="0" ind2=" "><subfield code="t">Journal of vegetation science.</subfield><subfield code="g">2015 Nov., v. 26, no. 6 p.1068-1079</subfield><subfield code="d">Opulus Press</subfield><subfield code="x">1100-9233</subfield><subfield code="7">nnas</subfield></datafield><datafield tag="787" ind1="1" ind2=" "><subfield code="o">islandora_article_repository</subfield></datafield><datafield tag="787" ind1="1" ind2=" "><subfield code="o">product_pubag</subfield></datafield><datafield tag="787" ind1="1" ind2=" "><subfield code="o">(Journal)jnl46820</subfield></datafield><datafield tag="856" ind1="4" ind2="0"><subfield code="u">http://dx.doi.org/10.1111/jvs.12313</subfield><subfield code="3">Available from publisher's site</subfield></datafield><datafield tag="912" ind1=" " ind2=" "><subfield code="a">Article</subfield></datafield><datafield tag="914" ind1=" " ind2=" "><subfield code="a">Journal:jnl46820</subfield><subfield code="b">1100-9233</subfield><subfield code="c">26</subfield><subfield code="d">6</subfield><subfield code="e">1068</subfield></datafield><datafield tag="914" ind1=" " ind2=" "><subfield code="f">Journal of vegetation science</subfield></datafield><datafield tag="916" ind1=" " ind2=" "><subfield code="a">Batch:1151</subfield></datafield><datafield tag="917" ind1=" " ind2=" "><subfield code="a">issued</subfield></datafield><datafield tag="918" ind1="2" ind2=" "><subfield code="a">John Wiley &amp; Sons, Inc</subfield><subfield code="e">provider</subfield><subfield code="5">DNAL</subfield></datafield><datafield tag="935" ind1=" " ind2=" "><subfield code="a">IND604359203</subfield><subfield code="9">ExL</subfield></datafield><datafield tag="949" ind1=" " ind2=" "><subfield code="a">2015-12-17</subfield></datafield><datafield tag="953" ind1=" " ind2=" "><subfield code="a">11009233_2015_26_6.xml</subfield></datafield><datafield tag="962" ind1=" " ind2=" "><subfield code="a">Batch:1151 reviewed on 2015-12-17T04:00:02Z</subfield></datafield><datafield tag="974" ind1=" " ind2=" "><subfield code="a">agid:4359203</subfield></datafield><datafield tag="983" ind1=" " ind2=" "><subfield code="a">2015-10-20</subfield></datafield><datafield tag="984" ind1=" " ind2=" "><subfield code="a">2015-12-17</subfield></datafield></record>