<record><leader>04856nab a2200721 u 4500</leader><controlfield tag="001">9916337542907426</controlfield><controlfield tag="005">20221118185744.0</controlfield><controlfield tag="008">190415e201311 xx |||||o|||||||||||eng||</controlfield><datafield tag="" ind1="7" ind2=" "><subfield code="a">IND601116036</subfield><subfield code="2">DNAL</subfield></datafield><datafield tag="024" ind1="7" ind2=" "><subfield code="a">10.1/j.ecoinf.2013.05.001</subfield><subfield code="2">doi</subfield></datafield><datafield tag="035" ind1=" " ind2=" "><subfield code="a">agid:1116036-01nal_inst</subfield></datafield><datafield tag="040" ind1=" " ind2=" "><subfield code="a">AGL</subfield><subfield code="b">eng</subfield><subfield code="c">AGL</subfield></datafield><datafield tag="100" ind1="1" ind2=" "><subfield code="a">Lintz, Heather E.</subfield><subfield code="e">author</subfield><subfield code="u">Oregon Climate Change Research Institute, College of Oceanic and Atmospheric Science, Oregon State University, Corvallis, OR, United States</subfield></datafield><datafield tag="245" ind1="1" ind2="0"><subfield code="a">Effect of inventory method on niche models: Random versus systematic error</subfield></datafield><datafield tag="300" ind1=" " ind2=" "><subfield code="a">p. 20-34.</subfield></datafield><datafield tag="520" ind1=" " ind2=" "><subfield code="a">Data from large-scale biological inventories are essential for understanding and managing Earth's ecosystems. The Forest Inventory and Analysis Program (FIA) of the U.S. Forest Service is the largest biological inventory in North America; however, the FIA inventory recently changed from an amalgam of different approaches to a nationally-standardized approach in 2000. Full use of both data sets is clearly warranted to target many pressing research questions including those related to climate change and forest resources. However, full use requires lumping FIA data from different regionally-based designs (pre-2000) and/or lumping the data across the temporal changeover. Combining data from different inventory types must be approached with caution as inventory types represent different probabilities of detecting trees per sample unit, which can ultimately confound temporal and spatial patterns found in the data. Consequently, the main goal of this study is to evaluate the effect of inventory on a common analysis in ecology, modeling of climatic niches (or species-climate relations). We use non-parametric multiplicative regression (NPMR) to build and compare niche models for 41 tree species from the old and new FIA design in the Pacific coastal United States. We discover two likely effects of inventory on niche models and their predictions. First, there is an increase from 4 to 6% in random error for modeled predictions from the different inventories when compared to modeled predictions from two samples of the same inventory. Second, systematic error (or directional disagreement among modeled predictions) is detectable for 4 out of 41 species among the different inventories: Calocedrus decurrens, Pseudotsuga menziesii, and Pinus ponderosa, and Abies concolor. Hence, at least 90% of niche models and predictions of probability of occurrence demonstrate no obvious effect from the change in inventory design. Further, niche models built from sub-samples of the same data set can yield systematic error that rivals systematic error in predictions for models built from two separate data sets. This work corroborates the pervasive and pressing need to quantify different types of error in niche modeling to address issues associated with data quality and large-scale data integration.</subfield></datafield><datafield tag="592" ind1=" " ind2=" "><subfield code="a">Publisher supplied data</subfield></datafield><datafield tag="593" ind1=" " ind2=" "><subfield code="a">PubAg article</subfield></datafield><datafield tag="650" ind1=" " ind2="3"><subfield code="a">Abies concolor</subfield></datafield><datafield tag="650" ind1=" " ind2="3"><subfield code="a">Calocedrus decurrens</subfield></datafield><datafield tag="650" ind1=" " ind2="3"><subfield code="a">Pinus ponderosa</subfield></datafield><datafield tag="650" ind1=" " ind2="3"><subfield code="a">Pseudotsuga menziesii</subfield></datafield><datafield tag="650" ind1=" " ind2="3"><subfield code="a">climate change</subfield></datafield><datafield tag="650" ind1=" " ind2="3"><subfield code="a">climate models</subfield></datafield><datafield tag="650" ind1=" " ind2="3"><subfield code="a">data collection</subfield></datafield><datafield tag="650" ind1=" " ind2="3"><subfield code="a">ecosystems</subfield></datafield><datafield tag="650" ind1=" " ind2="3"><subfield code="a">forest inventory</subfield></datafield><datafield tag="650" ind1=" " ind2="3"><subfield code="a">forest resources</subfield></datafield><datafield tag="650" ind1=" " ind2="3"><subfield code="a">forests</subfield></datafield><datafield tag="650" ind1=" " ind2="3"><subfield code="a">niches</subfield></datafield><datafield tag="650" ind1=" " ind2="3"><subfield code="a">prediction</subfield></datafield><datafield tag="650" ind1=" " ind2="3"><subfield code="a">probability</subfield></datafield><datafield tag="650" ind1=" " ind2="3"><subfield code="a">trees</subfield></datafield><datafield tag="651" ind1=" " ind2="3"><subfield code="a">United States</subfield></datafield><datafield tag="653" ind1=" " ind2="0"><subfield code="a">FIA</subfield></datafield><datafield tag="653" ind1=" " ind2="0"><subfield code="a">NPMR</subfield></datafield><datafield tag="653" ind1=" " ind2="0"><subfield code="a">Niche model</subfield></datafield><datafield tag="653" ind1=" " ind2="0"><subfield code="a">Forest Inventory</subfield></datafield><datafield tag="653" ind1=" " ind2="0"><subfield code="a">Sample design</subfield></datafield><datafield tag="653" ind1=" " ind2="0"><subfield code="a">Uncertainty</subfield></datafield><datafield tag="653" ind1=" " ind2="0"><subfield code="a">Non-parametric Multiplicative Regression</subfield></datafield><datafield tag="700" ind1="1" ind2=" "><subfield code="a">Gray, Andrew N.</subfield><subfield code="e">author</subfield><subfield code="u">USDA Forest Service, PNW Research Station, Corvallis, OR, United States</subfield></datafield><datafield tag="700" ind1="1" ind2=" "><subfield code="a">McCune, Bruce</subfield><subfield code="e">author</subfield><subfield code="u">Department of Botany and Plant Pathology, Oregon State University, Corvallis, OR, United States</subfield></datafield><datafield tag="773" ind1="0" ind2=" "><subfield code="t">Ecological informatics.</subfield><subfield code="g">2013 Nov., v. 18 p.20-34</subfield><subfield code="d">Elsevier B.V.</subfield><subfield code="a">Elsevier B.V.</subfield><subfield code="w">Journal:2190</subfield><subfield code="x">1574-9541</subfield><subfield code="7">nnas</subfield></datafield><datafield tag="787" ind1="1" ind2=" "><subfield code="o">islandora_article_repository</subfield></datafield><datafield tag="787" ind1="1" ind2=" "><subfield code="o">product_pubag</subfield></datafield><datafield tag="787" ind1="1" ind2=" "><subfield code="o">(Journal)2190</subfield></datafield><datafield tag="856" ind1="4" ind2="0"><subfield code="u">https://dx.doi.org/10.1/j.ecoinf.2013.05.001</subfield><subfield code="3">Available from publisher's site</subfield></datafield><datafield tag="912" ind1=" " ind2=" "><subfield code="a">Article</subfield></datafield><datafield tag="914" ind1=" " ind2=" "><subfield code="a">Journal:2190</subfield><subfield code="b">1574-9541</subfield><subfield code="c">18</subfield><subfield code="e">20</subfield></datafield><datafield tag="914" ind1=" " ind2=" "><subfield code="f">Ecological informatics</subfield></datafield><datafield tag="916" ind1=" " ind2=" "><subfield code="a">Batch:788</subfield></datafield><datafield tag="917" ind1=" " ind2=" "><subfield code="a">issued</subfield></datafield><datafield tag="918" ind1="2" ind2=" "><subfield code="a">Elsevier Consyn</subfield><subfield code="e">provider</subfield><subfield code="5">DNAL</subfield></datafield><datafield tag="935" ind1=" " ind2=" "><subfield code="a">IND601116036</subfield><subfield code="9">ExL</subfield></datafield><datafield tag="949" ind1=" " ind2=" "><subfield code="a">2019-04-15</subfield></datafield><datafield tag="953" ind1=" " ind2=" "><subfield code="a" >/data/metadata/incoming/consyn-backfiles/46-2-00104-HEAD-ONLY.zip</subfield></datafield><datafield tag="954" ind1=" " ind2=" "><subfield code="a" >file:/data/metadata/staging/consyn-backfiles/S1574954113000435.xml</subfield></datafield><datafield tag="955" ind1=" " ind2=" "><subfield code="a">/data/metadata/staging/consyn-backfiles/</subfield></datafield><datafield tag="961" ind1=" " ind2=" "><subfield code="a">USDA/FS</subfield></datafield><datafield tag="974" ind1=" " ind2=" "><subfield code="a">agid:1116036</subfield></datafield><datafield tag="983" ind1=" " ind2=" "><subfield code="a">2019-04-15</subfield></datafield><datafield tag="984" ind1=" " ind2=" "><subfield code="a">2019-04-15</subfield></datafield></record>