<record><leader> naa a22 i 4500</leader><controlfield tag="001">9916344551307426</controlfield><controlfield tag="005">20210324163614.0</controlfield><controlfield tag="008">210324scou|||||o|||||||||||eng||</controlfield><datafield tag="" ind1="7" ind2=" "><subfield code="a">CAT31425779</subfield><subfield code="2">DNAL</subfield></datafield><datafield tag="024" ind1="7" ind2=" "><subfield code="a">10113/7510289</subfield><subfield code="2">hdl</subfield></datafield><datafield tag="035" ind1=" " ind2=" "><subfield code="a">agid:7510289-01nal_inst</subfield></datafield><datafield tag="040" ind1=" " ind2=" "><subfield code="a">AGL</subfield><subfield code="b">eng</subfield><subfield code="c">AGL</subfield></datafield><datafield tag="043" ind1=" " ind2=" "><subfield code="a">nr-----</subfield></datafield><datafield tag="100" ind1="1" ind2=" "><subfield code="a">Tinkham, Wade T.</subfield><subfield code="e">author</subfield></datafield><datafield tag="245" ind1="1" ind2="0"><subfield code="a">Visualization of heterogeneous forest structures following treatment in the southern Rocky Mountains</subfield><subfield code="c">Wade T. Tinkham (and five others).</subfield></datafield><datafield tag="300" ind1=" " ind2=" "><subfield code="a">1 online resource (72 pages) : illustrations (some color).</subfield></datafield><datafield tag="337" ind1=" " ind2=" "><subfield code="a">computer</subfield><subfield code="2">rdamedia</subfield></datafield><datafield tag="338" ind1=" " ind2=" "><subfield code="a">online resource</subfield><subfield code="2">rdacarrier</subfield></datafield><datafield tag="440" ind1=" " ind2=" "><subfield code="a">General technical report</subfield><subfield code="n">RMRS-GTR-365</subfield></datafield><datafield tag="520" ind1=" " ind2=" "><subfield code="a">"Manipulation of forest spatial patterns has become a common objective in restoration prescriptions throughout the central and southern Rocky Mountain dry-mixed conifer forest systems. Pre-Euro-American settlement forest reconstructions indicate that frequent-fire regimes developed forests with complex mosaics of individual trees, tree clumps of varying size, and openings. While it is broadly agreed upon that restoration to these forest conditions will improve ecosystem function, development of treatment prescriptions that can achieve desired spatial patterns on the landscape have been met with different levels of success. The central purpose of this tool is to link quantitative and visual descriptions of immediate post-treatment spatial forest structure to help communicate desired spatial structures at the stand level in dry forest types of the Rocky Mountains. This tool was developed by simulating four different treatments across four stands with varying productivity that had been identified as candidates for ecological restoration. The simulated treatments included a thin from below, random tree selection, moderate clumping, and high clumping prescriptions. Following the simulated treatments, we produced a visual representation of the spatial pattern of the residual trees and openings; calculated traditional stand-scale metrics; and described the fine-scale forest structure including individual trees, clumps of trees, and openings. This tool is intended to help communicate the outcomes of complex silvicultural treatments to resource managers, contractors, specialists, and others when attempting to meet spatially explicit treatment objectives."</subfield></datafield><datafield tag="500" ind1=" " ind2=" "><subfield code="a">"September 2017."</subfield></datafield><datafield tag="500" ind1=" " ind2=" "><subfield code="a">Includes bibliographical references (pages 71-72).</subfield></datafield><datafield tag="500" ind1=" " ind2=" "><subfield code="a">Also available in print.</subfield></datafield><datafield tag="500" ind1=" " ind2=" "><subfield code="a">Description based on online resource; title from PDF title page (RMRS, viewed Dec. 21, 2017).</subfield></datafield><datafield tag="593" ind1=" " ind2=" "><subfield code="e">bibliography</subfield></datafield><datafield tag="655" ind1=" " ind2="7"><subfield code="a">bibliography</subfield><subfield code="2">marcgt</subfield></datafield><datafield tag="650" ind1=" " ind2="0"><subfield code="a">Forest fires</subfield><subfield code="z">Rocky Mountains</subfield><subfield code="x">Prevention</subfield></datafield><datafield tag="650" ind1=" " ind2="0"><subfield code="a">Forest management</subfield><subfield code="z">Rocky Mountains</subfield></datafield><datafield tag="650" ind1=" " ind2="0"><subfield code="a">Forest biodiversity</subfield><subfield code="z">Rocky Mountains</subfield></datafield><datafield tag="655" ind1=" " ind2="4"><subfield code="a">electronic resource</subfield><subfield code="2">marccategory</subfield></datafield><datafield tag="655" ind1=" " ind2="4"><subfield code="a">remote</subfield><subfield code="2">marcsmd</subfield></datafield><datafield tag="700" ind1="1" ind2=" "><subfield code="a">Dickinson, Yvette</subfield><subfield code="e">author</subfield></datafield><datafield tag="700" ind1="1" ind2=" "><subfield code="a">Hoffman, Chad M.</subfield><subfield code="e">author</subfield></datafield><datafield tag="700" ind1="1" ind2=" "><subfield code="a">Battaglia, Michael A.</subfield><subfield code="e">author</subfield></datafield><datafield tag="700" ind1="1" ind2=" "><subfield code="a">Ex, Seth</subfield><subfield code="e">author</subfield></datafield><datafield tag="700" ind1="1" ind2=" "><subfield code="a">Underhill, Jeffrey</subfield><subfield code="e">author</subfield></datafield><datafield tag="710" ind1="2" ind2=" "><subfield code="a">Rocky Mountain Research Station (Fort Collins, Colo.)</subfield><subfield code="e">issuing body</subfield></datafield><datafield tag="776" ind1=" " ind2=" "><subfield code="t">Visualization of heterogeneous forest structures following treatment in the southern Rocky Mountains.</subfield><subfield code="i">Print version:</subfield><subfield code="7">nnas</subfield></datafield><datafield tag="787" ind1="1" ind2=" "><subfield code="o">product_naldc</subfield></datafield><datafield tag="787" ind1="1" ind2=" "><subfield code="o">naldc_COLL00002</subfield></datafield><datafield tag="856" ind1="4" ind2="0"><subfield code="u">https://handle.nal.usda.gov/10113/7510289</subfield><subfield code="3">Available in the National Agricultural Library Digital Collections</subfield></datafield><datafield tag="856" ind1="4" ind2="0"><subfield code="u">https://purl.fdlp.gov/GPO/gpo87590</subfield><subfield code="3">electronic resource</subfield></datafield><datafield tag="856" ind1="4" ind2="0"><subfield code="u">https://www.fs.fed.us/rm/pubs_series/rmrs/gtr/rmrs_gtr365.pdf</subfield><subfield code="3">electronic resource</subfield></datafield><datafield tag="856" ind1="4" ind2="0"><subfield code="u">https://www.fs.usda.gov/treesearch/pubs/54887</subfield><subfield code="3">Available in Treesearch, US Forest Service's digital repository</subfield></datafield><datafield tag="912" ind1=" " ind2=" "><subfield code="a">Digital item</subfield></datafield><datafield tag="926" ind1=" " ind2=" "><subfield code="a">PDF model</subfield></datafield><datafield tag="930" ind1=" " ind2=" "><subfield code="a">20210324</subfield><subfield code="b">00000000</subfield><subfield code="c">00000000</subfield></datafield><datafield tag="945" ind1=" " ind2=" "><subfield code="a">mlo</subfield><subfield code="d">rey</subfield><subfield code="e">24/03/21</subfield></datafield><datafield tag="946" ind1=" " ind2=" "><subfield code="a">USDA</subfield></datafield><datafield tag="946" ind1=" " ind2=" "><subfield code="a">USDA</subfield></datafield><datafield tag="952" ind1=" " ind2=" "><subfield code="a">20210324 00000000 00000000</subfield></datafield><datafield tag="964" ind1=" " ind2=" "><subfield code="a">Forest Service</subfield></datafield><datafield tag="971" ind1=" " ind2=" "><subfield code="a">remote</subfield></datafield><datafield tag="971" ind1=" " ind2=" "><subfield code="b">cou</subfield></datafield><datafield tag="974" ind1=" " ind2=" "><subfield code="a">agid:7510289</subfield></datafield><datafield tag="985" ind1=" " ind2=" "><subfield code="a">Converted from MARCXML to MODS version 3.4 using MARC21slim2MODS3-4.xsl (Revision 1.95 2014/04/23)</subfield></datafield><datafield tag="986" ind1=" " ind2=" "><subfield code="a">1425779</subfield></datafield></record>