<record><leader>04967nab a2200625 u 4500</leader><controlfield tag="001">9916097964507426</controlfield><controlfield tag="005">20221120200943.0</controlfield><controlfield tag="008">170712e201706 xx |||||o|||||||||||eng||</controlfield><datafield tag="" ind1="7" ind2=" "><subfield code="a">IND605718201</subfield><subfield code="2">DNAL</subfield></datafield><datafield tag="024" ind1="7" ind2=" "><subfield code="a">10.1111/jbi.12953</subfield><subfield code="2">doi</subfield></datafield><datafield tag="035" ind1=" " ind2=" "><subfield code="a">agid:5718201-01nal_inst</subfield></datafield><datafield tag="040" ind1=" " ind2=" "><subfield code="a">AGL</subfield><subfield code="b">eng</subfield><subfield code="c">AGL</subfield></datafield><datafield tag="100" ind1="1" ind2=" "><subfield code="a">Hawkins, Bradford A.</subfield><subfield code="e">author</subfield><subfield code="u">Department of Ecology and Evolutionary Biology, University of California, Irvine, CA, 92697, USA</subfield></datafield><datafield tag="245" ind1="1" ind2="0"><subfield code="a">Structural bias in aggregated species‐level variables driven by repeated species co‐occurrences: a pervasive problem in community and assemblage data</subfield></datafield><datafield tag="300" ind1=" " ind2=" "><subfield code="a">p. 1199-1211.</subfield></datafield><datafield tag="500" ind1=" " ind2=" "><subfield code="a">JOURNAL ARTICLE</subfield></datafield><datafield tag="520" ind1=" " ind2=" "><subfield code="a">AIM: Species attributes are often used to explain diversity patterns across assemblages/communities. However, repeated species co‐occurrences can generate spatial pattern and strong statistical relationships between aggregated attributes and richness in the absence of biological information. Our aim is to increase awareness of this problem. LOCATION: North America. METHODS: We generated empirical species richness patterns using two data structures: (1) birds gridded from range maps and (2) tree communities from the US Forest Service's Forest Inventory and Analysis. We analysed richness using linear regression, regression trees, generalized additive models, geographically weighted regression and simultaneous autoregression, with ‘random intrinsic variables’ as predictors generated by assigning random numbers to species and calculating averages in assemblages. We then generated simulations in which species with cohesive or patchy distributions are placed with respect to the North American temperature gradient with or without a broad‐scale richness gradient. Random intrinsic variables are again used as predictors of richness. Finally, we analysed one simulated scenario with random intrinsic variables as both response and predictor variables. RESULTS: The models of bird and tree richness often explained moderate to large proportions of the variance. Regression trees, geographically weighted regression and simultaneous autoregression were very sensitive to the problem; generalized additive models were moderately affected, as was multiple regression to a lesser extent. In the virtual data, the variance explained increased with increasing species co‐occurrences, but neither range cohesion, a richness gradient nor spatial autocorrelation in predictors had major impacts on the variance explained. The problem persisted when the response variable was also a random intrinsic variable. MAIN CONCLUSIONS: Repeated species co‐occurrences can generate strong spurious relationships between richness and aggregated species attributes. It is important to realize that models utilizing assemblage variables aggregated from species‐level values, as well as maps illustrating their spatial patterns, cannot be taken at face value.</subfield></datafield><datafield tag="592" ind1=" " ind2=" "><subfield code="a">Publisher supplied data</subfield></datafield><datafield tag="593" ind1=" " ind2=" "><subfield code="a">PubAg article</subfield></datafield><datafield tag="650" ind1=" " ind2="3"><subfield code="a">USDA Forest Service</subfield></datafield><datafield tag="650" ind1=" " ind2="3"><subfield code="a">autocorrelation</subfield></datafield><datafield tag="650" ind1=" " ind2="3"><subfield code="a">birds</subfield></datafield><datafield tag="650" ind1=" " ind2="3"><subfield code="a">cohesion</subfield></datafield><datafield tag="650" ind1=" " ind2="3"><subfield code="a">forest inventory</subfield></datafield><datafield tag="650" ind1=" " ind2="3"><subfield code="a">models</subfield></datafield><datafield tag="650" ind1=" " ind2="3"><subfield code="a">regression analysis</subfield></datafield><datafield tag="650" ind1=" " ind2="3"><subfield code="a">species diversity</subfield></datafield><datafield tag="650" ind1=" " ind2="3"><subfield code="a">trees</subfield></datafield><datafield tag="650" ind1=" " ind2="3"><subfield code="a">variance</subfield></datafield><datafield tag="651" ind1=" " ind2="3"><subfield code="a">United States</subfield></datafield><datafield tag="700" ind1="1" ind2=" "><subfield code="a">Leroy, Boris</subfield><subfield code="e">author</subfield><subfield code="u">UMR 7208 BOREA, Muséum National d'Histoire Naturelle, Sorbonne Universités, Université Pierre et Marie Curie, Université de Caen, CNRS, IRD, Université des Antilles, Paris, France</subfield></datafield><datafield tag="700" ind1="1" ind2=" "><subfield code="a">Rodríguez, Miguel Á.</subfield><subfield code="e">author</subfield><subfield code="u">Forest Ecology &amp; Restoration Group, Department of Life Sciences, Universidad de Alcalá, Alcalá de Henares, Madrid, Spain</subfield></datafield><datafield tag="700" ind1="1" ind2=" "><subfield code="a">Singer, Alexander</subfield><subfield code="e">author</subfield></datafield><datafield tag="700" ind1="1" ind2=" "><subfield code="a">Vilela, Bruno</subfield><subfield code="e">author</subfield></datafield><datafield tag="700" ind1="1" ind2=" "><subfield code="a">Villalobos, Fabricio</subfield><subfield code="e">author</subfield></datafield><datafield tag="700" ind1="1" ind2=" "><subfield code="a">Wang, Xiangping</subfield><subfield code="e">author</subfield><subfield code="u">College of Forestry, Beijing Forestry University, 35 East Qinghua Road, Haidian, Beijing, 100083, China</subfield></datafield><datafield tag="700" ind1="1" ind2=" "><subfield code="a">Zelený, David</subfield><subfield code="e">author</subfield><subfield code="u">Institute of Ecology and Evolutionary Biology, National Taiwan University, Roosevelt Rd. 1, 10617, Taipei, Taiwan</subfield></datafield><datafield tag="773" ind1="0" ind2=" "><subfield code="t">Journal of biogeography.</subfield><subfield code="g">2017 June, v. 44, no. 6 p.1199-1211</subfield><subfield code="d">John Wiley &amp; Sons, Ltd</subfield><subfield code="x">0305-0270</subfield><subfield code="7">nnas</subfield></datafield><datafield tag="787" ind1="1" ind2=" "><subfield code="o">islandora_article_repository</subfield></datafield><datafield tag="787" ind1="1" ind2=" "><subfield code="o">product_pubag</subfield></datafield><datafield tag="787" ind1="1" ind2=" "><subfield code="o">(Journal)jnl9765</subfield></datafield><datafield tag="856" ind1="4" ind2="0"><subfield code="u">http://dx.doi.org/10.1111/jbi.12953</subfield><subfield code="3">Available from publisher's site</subfield></datafield><datafield tag="912" ind1=" " ind2=" "><subfield code="a">Article</subfield></datafield><datafield tag="914" ind1=" " ind2=" "><subfield code="a">Journal:jnl9765</subfield><subfield code="b">0305-0270</subfield><subfield code="c">44</subfield><subfield code="d">6</subfield><subfield code="e">1199</subfield></datafield><datafield tag="914" ind1=" " ind2=" "><subfield code="f">Journal of biogeography</subfield></datafield><datafield tag="916" ind1=" " ind2=" "><subfield code="a">Batch:1791</subfield></datafield><datafield tag="917" ind1=" " ind2=" "><subfield code="a">issued</subfield></datafield><datafield tag="918" ind1="2" ind2=" "><subfield code="a">John Wiley &amp; Sons, Inc</subfield><subfield code="e">provider</subfield><subfield code="5">DNAL</subfield></datafield><datafield tag="935" ind1=" " ind2=" "><subfield code="a">IND605718201</subfield><subfield code="9">ExL</subfield></datafield><datafield tag="949" ind1=" " ind2=" "><subfield code="a">2017-08-18</subfield></datafield><datafield tag="953" ind1=" " ind2=" "><subfield code="a">03050270_2017_44_6.xml</subfield></datafield><datafield tag="962" ind1=" " ind2=" "><subfield code="a">Batch:1791 reviewed on 2017-08-18T04:00:02Z</subfield></datafield><datafield tag="974" ind1=" " ind2=" "><subfield code="a">agid:5718201</subfield></datafield><datafield tag="983" ind1=" " ind2=" "><subfield code="a">2017-07-12</subfield></datafield><datafield tag="984" ind1=" " ind2=" "><subfield code="a">2017-08-18</subfield></datafield></record>