<record><leader>04023nab a2200613 u 4500</leader><controlfield tag="001">9916098142307426</controlfield><controlfield tag="005">20221122035448.0</controlfield><controlfield tag="008">080302e200801 xx |||||o|||||||||||eng||</controlfield><datafield tag="" ind1="7" ind2=" "><subfield code="a">IND44022496</subfield><subfield code="2">DNAL</subfield></datafield><datafield tag="024" ind1="7" ind2=" "><subfield code="a">10.1111/j.1466-8238.2007.00346.x</subfield><subfield code="2">doi</subfield></datafield><datafield tag="035" ind1=" " ind2=" "><subfield code="a">agid:453173-01nal_inst</subfield></datafield><datafield tag="040" ind1=" " ind2=" "><subfield code="a">AGL</subfield><subfield code="b">eng</subfield><subfield code="c">AGL</subfield></datafield><datafield tag="100" ind1="1" ind2=" "><subfield code="a">Ramirez, Lizabeth</subfield></datafield><datafield tag="245" ind1="1" ind2="0"><subfield code="a">Partitioning phylogenetic and adaptive components of the geographical body-size pattern of New World birds</subfield></datafield><datafield tag="300" ind1=" " ind2=" "><subfield code="a">p. 100-110.</subfield></datafield><datafield tag="500" ind1=" " ind2=" "><subfield code="a">Includes references</subfield></datafield><datafield tag="520" ind1=" " ind2=" "><subfield code="a">To evaluate seasonal body-size patterns for New World birds in geographical space, to develop environmental models to explain the gradients, and to estimate phylogenetic and adaptive contributions. The Western Hemisphere. We used range maps to generate gridded geometric mean body masses. Summer and winter patterns were distinguished based on breeding and non-breeding ranges. We first generated the geographical gradients, followed by phylogenetic eigenvector regression to generate body sizes predicted by the birds' positions in a phylogenetic tree, which were used to generate the expected phylogenetic gradient. Subtracting the expected pattern from the observed pattern isolated the adaptive component. Ordinary least squares multiple-regression models examined factors influencing the phylogenetic, adaptive and combined components of the seasonal body-size patterns, and non-spatial and spatial models were compared. Birds are larger in the temperate zones than in the tropics. The gradient is quantitatively stronger in winter than in summer. Regression models explained 66.6% of the variance in summer mass and 45.9% of the variance in winter mass. In summer, phylogenetic and adaptive responses of birds contribute equally to the gradient. In winter, the gradient in North America is much stronger than that expected by taxonomic turnover, and responses of species independent of their family membership drive the overall pattern. We confirm Bergmann's rule in New World birds and conclude that winter temperatures ultimately drive the pattern, exerting selection pressures on birds that overwhelm patterns expected by phylogenetic inertia at the family level. However, in summer, the movement of migratory species into the temperate zone weakens the gradient and generates a pattern more congruent with that expected from the taxonomic composition of the fauna. The analytical method we develop here represents a useful tool for partitioning the phylogenetic and non-phylogenetic components of spatially explicit macroecological data.</subfield></datafield><datafield tag="593" ind1=" " ind2=" "><subfield code="a">PubAg article</subfield></datafield><datafield tag="650" ind1=" " ind2="3"><subfield code="a">analytical methods</subfield></datafield><datafield tag="650" ind1=" " ind2="3"><subfield code="a">body size</subfield></datafield><datafield tag="650" ind1=" " ind2="3"><subfield code="a">environmental models</subfield></datafield><datafield tag="650" ind1=" " ind2="3"><subfield code="a">fauna</subfield></datafield><datafield tag="650" ind1=" " ind2="3"><subfield code="a">phylogeny</subfield></datafield><datafield tag="650" ind1=" " ind2="3"><subfield code="a">regression analysis</subfield></datafield><datafield tag="650" ind1=" " ind2="3"><subfield code="a">seasonal variation</subfield></datafield><datafield tag="650" ind1=" " ind2="3"><subfield code="a">summer</subfield></datafield><datafield tag="650" ind1=" " ind2="3"><subfield code="a">temperate zones</subfield></datafield><datafield tag="650" ind1=" " ind2="3"><subfield code="a">temperature</subfield></datafield><datafield tag="650" ind1=" " ind2="3"><subfield code="a">tropics</subfield></datafield><datafield tag="650" ind1=" " ind2="3"><subfield code="a">variance</subfield></datafield><datafield tag="650" ind1=" " ind2="3"><subfield code="a">wild birds</subfield></datafield><datafield tag="650" ind1=" " ind2="3"><subfield code="a">winter</subfield></datafield><datafield tag="651" ind1=" " ind2="3"><subfield code="a">North America</subfield></datafield><datafield tag="700" ind1="1" ind2=" "><subfield code="a">Diniz-Filho, José Alexandre Felizola</subfield></datafield><datafield tag="700" ind1="1" ind2=" "><subfield code="a">Hawkins, Bradford A.</subfield></datafield><datafield tag="773" ind1="0" ind2=" "><subfield code="t">Global ecology and biogeography.</subfield><subfield code="g">2008 Jan., v. 17, no. 1 p.100-110</subfield><subfield code="d">Blackwell Publishing Ltd</subfield><subfield code="x">1466-822X</subfield><subfield code="7">nnas</subfield></datafield><datafield tag="787" ind1="1" ind2=" "><subfield code="o">islandora_article_repository</subfield></datafield><datafield tag="787" ind1="1" ind2=" "><subfield code="o">product_pubag</subfield></datafield><datafield tag="787" ind1="1" ind2=" "><subfield code="o">(Journal)jnl3920180</subfield></datafield><datafield tag="852" ind1=" " ind2=" "><subfield code="a">DNAL</subfield></datafield><datafield tag="856" ind1="4" ind2="0"><subfield code="u">http://dx.doi.org/10.1111/j.1466-8238.2007.00346.x</subfield></datafield><datafield tag="912" ind1=" " ind2=" "><subfield code="a">Article</subfield></datafield><datafield tag="914" ind1=" " ind2=" "><subfield code="a">Journal:jnl3920180</subfield><subfield code="b">1466-822X</subfield><subfield code="c">17</subfield><subfield code="d">1</subfield><subfield code="e">100</subfield></datafield><datafield tag="914" ind1=" " ind2=" "><subfield code="f">Global ecology and biogeography</subfield></datafield><datafield tag="917" ind1=" " ind2=" "><subfield code="a">issued</subfield></datafield><datafield tag="935" ind1=" " ind2=" "><subfield code="a">IND44022496</subfield><subfield code="9">ExL</subfield></datafield><datafield tag="949" ind1=" " ind2=" "><subfield code="a">2013-08-01</subfield></datafield><datafield tag="962" ind1=" " ind2=" "><subfield code="a">Journal ISSN is 1466-8238</subfield></datafield><datafield tag="962" ind1=" " ind2=" "><subfield code="a">Batch:294 annotated on 2013-07-19T09:54:09Z</subfield></datafield><datafield tag="962" ind1=" " ind2=" "><subfield code="a">Batch:294 reviewed on 2013-08-01T10:00:02Z</subfield></datafield><datafield tag="974" ind1=" " ind2=" "><subfield code="a">agid:453173</subfield></datafield><datafield tag="984" ind1=" " ind2=" "><subfield code="a">2009-07-17</subfield></datafield><datafield tag="985" ind1=" " ind2=" "><subfield code="a">Converted from MARCXML to MODS version 3.4 using MARC21slim2MODS3-4.xsl (Revision 1.77 2012/03/23)</subfield></datafield><datafield tag="986" ind1=" " ind2=" "><subfield code="a">4022496</subfield></datafield></record>