<record><leader>04619nab a2200649 u 4500</leader><controlfield tag="001">9916098430407426</controlfield><controlfield tag="005">20221120171656.0</controlfield><controlfield tag="008">220226e202201 xx |||||o|||||||||||eng||</controlfield><datafield tag="" ind1="7" ind2=" "><subfield code="a">IND607686726</subfield><subfield code="2">DNAL</subfield></datafield><datafield tag="024" ind1="7" ind2=" "><subfield code="a">10.1111/jvs.13114</subfield><subfield code="2">doi</subfield></datafield><datafield tag="035" ind1=" " ind2=" "><subfield code="a">agid:7686726-01nal_inst</subfield></datafield><datafield tag="040" ind1=" " ind2=" "><subfield code="a">AGL</subfield><subfield code="b">eng</subfield><subfield code="c">AGL</subfield></datafield><datafield tag="100" ind1="1" ind2=" "><subfield code="a">Holík, Jan</subfield><subfield code="e">author</subfield><subfield code="u">Department of Forest Ecology, The Silva Tarouca Research Institute for Landscape and Ornamental Gardening, Brno, Czech Republic</subfield><subfield code="1">https://orcid.org/0000-0002-7949-9689</subfield></datafield><datafield tag="245" ind1="1" ind2="0"><subfield code="a">Spatial patterns in neighbourhood effects on woody plant selection and bark stripping by deer in a lowland alluvial forest</subfield></datafield><datafield tag="500" ind1=" " ind2=" "><subfield code="a">JOURNAL ARTICLE</subfield></datafield><datafield tag="520" ind1=" " ind2=" "><subfield code="a">QUESTIONS: Ungulate herbivory and its impact on one plant species may be driven by other plants in the neighbourhood. Although such neighbourhood effects have long been recognized, there is limited understanding of how spatial variation in these effects relates to local plant density and distances between plants. Our goal was to examine if the density of or distance to conspecific and heterospecific neighbouring woody individuals produces neighbourhood effects on bark stripping by deer, and how these effects differ in spatial scale and type (reduce/increase herbivory). LOCATION: Lowland old‐growth forest, Czech Republic. METHODS: Woody individuals were assessed for evidence of bark stripping and the level of damage done by deer in a square 4‐ha plot, mapping all woody stems ≥1 cm diameter at breast height. The spatial distribution of stripping was used to examine neighbourhood effects using spatial point pattern methods. RESULTS: The density and distance to neighbours and species identity of focal and neighbouring individuals contributed to a large spatial variation in neighbourhood effects (up to distances of 2–30 m from neighbours). Neighbourhood effects arose mainly from the interactions between neighbouring shrub species and all tree species, and interactions between individual species pairs. Neighbourhood effects more often increased than reduced the stripping of focal individuals. The stripping of Ulmus laevis, Acer campestre and Crataegus laevigata increased near conspecifics, while the stripping of all tree species was more likely near Ulmus laevis, Fraxinus angustifolia and shrubs. Heterospecific tree species were less susceptible to stripping near Tilia cordata and especially Carpinus betulus. CONCLUSION: Our study provides new insight into neighbourhood effects by showing how and at which spatial scales woody plant interactions modify deer herbivory. We advocate considering the life stage and relevant plant traits with multivariate spatial methods in order to elucidate the role of neighbourhood effects in complex plant communities.</subfield></datafield><datafield tag="592" ind1=" " ind2=" "><subfield code="a">Publisher supplied data</subfield></datafield><datafield tag="593" ind1=" " ind2=" "><subfield code="a">PubAg article</subfield></datafield><datafield tag="596" ind1=" " ind2=" "><subfield code="a">LDF_VP_2019030</subfield><subfield code="c">the Internal Grant Agency MENDELU</subfield></datafield><datafield tag="596" ind1=" " ind2=" "><subfield code="a">20‐17282S</subfield><subfield code="c">Grantová Agentura České Republiky</subfield></datafield><datafield tag="650" ind1=" " ind2="3"><subfield code="a">Acer campestre</subfield></datafield><datafield tag="650" ind1=" " ind2="3"><subfield code="a">Carpinus betulus</subfield></datafield><datafield tag="650" ind1=" " ind2="3"><subfield code="a">Crataegus laevigata</subfield></datafield><datafield tag="650" ind1=" " ind2="3"><subfield code="a">Fraxinus angustifolia</subfield></datafield><datafield tag="650" ind1=" " ind2="3"><subfield code="a">Tilia cordata</subfield></datafield><datafield tag="650" ind1=" " ind2="3"><subfield code="a">Ulmus</subfield></datafield><datafield tag="650" ind1=" " ind2="3"><subfield code="a">bark</subfield></datafield><datafield tag="650" ind1=" " ind2="3"><subfield code="a">deer</subfield></datafield><datafield tag="650" ind1=" " ind2="3"><subfield code="a">herbivores</subfield></datafield><datafield tag="650" ind1=" " ind2="3"><subfield code="a">old-growth forests</subfield></datafield><datafield tag="650" ind1=" " ind2="3"><subfield code="a">plant density</subfield></datafield><datafield tag="650" ind1=" " ind2="3"><subfield code="a">shrubs</subfield></datafield><datafield tag="650" ind1=" " ind2="3"><subfield code="a">tree and stand measurements</subfield></datafield><datafield tag="650" ind1=" " ind2="3"><subfield code="a">trees</subfield></datafield><datafield tag="650" ind1=" " ind2="3"><subfield code="a">woody plants</subfield></datafield><datafield tag="651" ind1=" " ind2="3"><subfield code="a">Czech Republic</subfield></datafield><datafield tag="700" ind1="1" ind2=" "><subfield code="a">Janík, David</subfield><subfield code="e">author</subfield><subfield code="u">Department of Forest Ecology, The Silva Tarouca Research Institute for Landscape and Ornamental Gardening, Brno, Czech Republic</subfield><subfield code="1">https://orcid.org/0000-0002-8271-7456</subfield></datafield><datafield tag="773" ind1="0" ind2=" "><subfield code="t">Journal of vegetation science.</subfield><subfield code="g">2022 Jan., v. 33, no. 1 p.e13114-</subfield><subfield code="d">John Wiley &amp; Sons, Ltd</subfield><subfield code="w">Journal:jnl46820</subfield><subfield code="x">1100-9233</subfield><subfield code="7">nnas</subfield></datafield><datafield tag="787" ind1="1" ind2=" "><subfield code="o">islandora_article_repository</subfield></datafield><datafield tag="787" ind1="1" ind2=" "><subfield code="o">product_pubag</subfield></datafield><datafield tag="787" ind1="1" ind2=" "><subfield code="o">(Journal)jnl46820</subfield></datafield><datafield tag="856" ind1="4" ind2="0"><subfield code="u">https://dx.doi.org/10.1111/jvs.13114</subfield><subfield code="3">Available from publisher's site</subfield></datafield><datafield tag="912" ind1=" " ind2=" "><subfield code="a">Article</subfield></datafield><datafield tag="914" ind1=" " ind2=" "><subfield code="a">Journal:jnl46820</subfield><subfield code="b">1100-9233</subfield><subfield code="c">33</subfield><subfield code="d">1</subfield><subfield code="e">e13114</subfield></datafield><datafield tag="914" ind1=" " ind2=" "><subfield code="f">Journal of vegetation science</subfield></datafield><datafield tag="916" ind1=" " ind2=" "><subfield code="a">Batch:10238</subfield></datafield><datafield tag="917" ind1=" " ind2=" "><subfield code="a">issued</subfield></datafield><datafield tag="918" ind1="2" ind2=" "><subfield code="a">John Wiley &amp; Sons, Inc</subfield><subfield code="e">provider</subfield><subfield code="5">DNAL</subfield></datafield><datafield tag="935" ind1=" " ind2=" "><subfield code="a">IND607686726</subfield><subfield code="9">ExL</subfield></datafield><datafield tag="949" ind1=" " ind2=" "><subfield code="a">2022-05-17</subfield></datafield><datafield tag="952" ind1=" " ind2=" "><subfield code="d">NAL-AP-2-clean</subfield></datafield><datafield tag="953" ind1=" " ind2=" "><subfield code="a">/data/metadata/incoming/wiley/11009233_2022_33_1.xml</subfield></datafield><datafield tag="954" ind1=" " ind2=" "><subfield code="a">file:/data/metadata/staging/wiley/11009233_2022_33_1.xml</subfield></datafield><datafield tag="955" ind1=" " ind2=" "><subfield code="a">/data/metadata/staging/wiley/</subfield></datafield><datafield tag="974" ind1=" " ind2=" "><subfield code="a">agid:7686726</subfield></datafield><datafield tag="983" ind1=" " ind2=" "><subfield code="a">2022-02-26</subfield></datafield><datafield tag="984" ind1=" " ind2=" "><subfield code="a">2022-05-17</subfield></datafield></record>