<record><leader>03649nab a2200721 u 4500</leader><controlfield tag="001">9916098936007426</controlfield><controlfield tag="005">20221121014839.0</controlfield><controlfield tag="008">100213s2009 xx |||||o|||||||||||eng||</controlfield><datafield tag="" ind1="7" ind2=" "><subfield code="a">IND44326252</subfield><subfield code="2">DNAL</subfield></datafield><datafield tag="024" ind1="7" ind2=" "><subfield code="a">10.1071/BT09013</subfield><subfield code="2">doi</subfield></datafield><datafield tag="035" ind1=" " ind2=" "><subfield code="a">agid:776729-01nal_inst</subfield></datafield><datafield tag="040" ind1=" " ind2=" "><subfield code="a">AGL</subfield><subfield code="b">eng</subfield><subfield code="c">AGL</subfield></datafield><datafield tag="072" ind1=" " ind2="0"><subfield code="a">F900</subfield></datafield><datafield tag="072" ind1=" " ind2="0"><subfield code="a">L300</subfield></datafield><datafield tag="100" ind1="1" ind2=" "><subfield code="a">Fadini, Rodrigo Ferreira</subfield></datafield><datafield tag="245" ind1="1" ind2="0"><subfield code="a">Consistency in seed-deposition patterns and the distribution of mistletoes among its host trees in an Amazonian savanna</subfield></datafield><datafield tag="300" ind1=" " ind2=" "><subfield code="a">p. 640-646.</subfield></datafield><datafield tag="500" ind1=" " ind2=" "><subfield code="a">Includes references</subfield></datafield><datafield tag="520" ind1=" " ind2=" "><subfield code="a">The present paper describes the spatial distribution of the mistletoe Psittacanthus plagiophyllus Eichl. (Loranthaceae) on its host, the cashew tree Anacardium occidentale L., in a Brazilian Amazonian savanna. Our aim was to understand the roles of bird-seed dispersers and host quality in determining the mistletoe distribution among its host trees. In 2006, we marked 118 cashews in a 4.5-ha plot and counted the number of mistletoes and the presence of seeds attached to host branches in 2006, 2007 and 2008. On average, 36% of the hosts were infected each year. The infection load and the probability of being infected increased significantly with host crown diameter. On average, 25% of the hosts received at least one mistletoe seed in each year, being taller and previously infected hosts more prone to receive seeds in all 3 years. Elaenia cristata was the main seed disperser, visiting P. plagiophyllus 48 times in 35h of focal records. Additionally, in a field experiment, we used the presence of an infection and the host size as surrogates for host quality and tested their effect on mistletoe survivorship. After 9 months, 16.5% of seeds survived and 14% had established, but neither host conditions nor host size influenced seed survivorship. Therefore, we suggest that mistletoe distribution is a consequence of a consistent dispersal of seeds onto larger and previously parasitised hosts across years.</subfield></datafield><datafield tag="593" ind1=" " ind2=" "><subfield code="a">PubAg article</subfield></datafield><datafield tag="650" ind1=" " ind2="3"><subfield code="a">Anacardium occidentale</subfield></datafield><datafield tag="650" ind1=" " ind2="3"><subfield code="a">cashew nuts</subfield></datafield><datafield tag="650" ind1=" " ind2="3"><subfield code="a">nut crops</subfield></datafield><datafield tag="650" ind1=" " ind2="3"><subfield code="a">savannas</subfield></datafield><datafield tag="650" ind1=" " ind2="3"><subfield code="a">host plants</subfield></datafield><datafield tag="650" ind1=" " ind2="3"><subfield code="a">Loranthaceae</subfield></datafield><datafield tag="650" ind1=" " ind2="3"><subfield code="a">parasitic plants</subfield></datafield><datafield tag="650" ind1=" " ind2="3"><subfield code="a">seed dispersal</subfield></datafield><datafield tag="650" ind1=" " ind2="3"><subfield code="a">wild birds</subfield></datafield><datafield tag="650" ind1=" " ind2="3"><subfield code="a">spatial distribution</subfield></datafield><datafield tag="650" ind1=" " ind2="3"><subfield code="a">incidence</subfield></datafield><datafield tag="650" ind1=" " ind2="3"><subfield code="a">tree crown</subfield></datafield><datafield tag="650" ind1=" " ind2="3"><subfield code="a">diameter</subfield></datafield><datafield tag="650" ind1=" " ind2="3"><subfield code="a">height</subfield></datafield><datafield tag="650" ind1=" " ind2="3"><subfield code="a">field experimentation</subfield></datafield><datafield tag="650" ind1=" " ind2="3"><subfield code="a">mortality</subfield></datafield><datafield tag="650" ind1=" " ind2="3"><subfield code="a">plant establishment</subfield></datafield><datafield tag="651" ind1=" " ind2="3"><subfield code="a">Brazil</subfield></datafield><datafield tag="651" ind1=" " ind2="3"><subfield code="a">Amazonia</subfield></datafield><datafield tag="653" ind1=" " ind2="0"><subfield code="a">Psittacanthus plagiophyllus</subfield></datafield><datafield tag="653" ind1=" " ind2="0"><subfield code="a">endozoochory</subfield></datafield><datafield tag="700" ind1="1" ind2=" "><subfield code="a">Gonçalves, Danielly Caroline Miléo</subfield></datafield><datafield tag="700" ind1="1" ind2=" "><subfield code="a">Reis, Rúbia Patrícia Fernandes</subfield></datafield><datafield tag="773" ind1="0" ind2=" "><subfield code="t">Australian journal of botany.</subfield><subfield code="g">2009, v. 57, no. 8 p.640-646</subfield><subfield code="d">CSIRO Publishing</subfield><subfield code="x">0067-1924</subfield><subfield code="7">nnas</subfield></datafield><datafield tag="787" ind1="1" ind2=" "><subfield code="o">islandora_article_repository</subfield></datafield><datafield tag="787" ind1="1" ind2=" "><subfield code="o">product_pubag</subfield></datafield><datafield tag="787" ind1="1" ind2=" "><subfield code="o">(Journal)jnl44712</subfield></datafield><datafield tag="852" ind1=" " ind2=" "><subfield code="a">DNAL</subfield></datafield><datafield tag="856" ind1="4" ind2="0"><subfield code="u">http://dx.doi.org/10.1071/BT09013</subfield><subfield code="3">Available from publisher's Web site</subfield></datafield><datafield tag="912" ind1=" " ind2=" "><subfield code="a">Article</subfield></datafield><datafield tag="914" ind1=" " ind2=" "><subfield code="a">Journal:jnl44712</subfield><subfield code="b">0067-1924</subfield><subfield code="c">57</subfield><subfield code="d">8</subfield><subfield code="e">640</subfield></datafield><datafield tag="914" ind1=" " ind2=" "><subfield code="f">Australian journal of botany</subfield></datafield><datafield tag="917" ind1=" " ind2=" "><subfield code="a">issued</subfield></datafield><datafield tag="930" ind1=" " ind2=" "><subfield code="a">20100423</subfield><subfield code="b">20100501</subfield><subfield code="c">00000000</subfield></datafield><datafield tag="935" ind1=" " ind2=" "><subfield code="a">IND44326252</subfield><subfield code="9">ExL</subfield></datafield><datafield tag="945" ind1=" " ind2=" "><subfield code="a">IND</subfield><subfield code="d">2CT</subfield><subfield code="e">2010/03/24</subfield></datafield><datafield tag="946" ind1=" " ind2=" "><subfield code="a">Non-US</subfield></datafield><datafield tag="949" ind1=" " ind2=" "><subfield code="a">2014-07-17</subfield></datafield><datafield tag="952" ind1=" " ind2=" "><subfield code="a">20100423 20100501 00000000</subfield><subfield code="b">IND 2CT 2010/03/24</subfield></datafield><datafield tag="974" ind1=" " ind2=" "><subfield code="a">agid:776729</subfield></datafield><datafield tag="984" ind1=" " ind2=" "><subfield code="a">2014-07-25</subfield></datafield><datafield tag="985" ind1=" " ind2=" "><subfield code="a">Converted from MARCXML to MODS version 3.4 using MARC21slim2MODS3-4.xsl (Revision 1.95 2014/04/23)</subfield></datafield><datafield tag="986" ind1=" " ind2=" "><subfield code="a">4326252</subfield></datafield></record>