<record><leader>04416nab a2200697 u 4500</leader><controlfield tag="001">9916098972607426</controlfield><controlfield tag="005">20221121060838.0</controlfield><controlfield tag="008">200106e202001 xx |||||o|||||||||||eng||</controlfield><datafield tag="" ind1="7" ind2=" "><subfield code="a">IND606721673</subfield><subfield code="2">DNAL</subfield></datafield><datafield tag="024" ind1="7" ind2=" "><subfield code="a">10.1/j.marenvres.2019.104814</subfield><subfield code="2">doi</subfield></datafield><datafield tag="035" ind1=" " ind2=" "><subfield code="a">agid:6721673-01nal_inst</subfield></datafield><datafield tag="040" ind1=" " ind2=" "><subfield code="a">AGL</subfield><subfield code="b">eng</subfield><subfield code="c">AGL</subfield></datafield><datafield tag="100" ind1="1" ind2=" "><subfield code="a">Montemayor, Diana I.</subfield><subfield code="e">author</subfield><subfield code="u">Instituto de Investigaciones Marinas y Costeras (IIMyC), CONICET, UNMDP, Mar del Plata, Argentina</subfield></datafield><datafield tag="245" ind1="1" ind2="0"><subfield code="a">Herbivory patterns along the intertidal gradient of Juncus roemerianus salt marshes</subfield></datafield><datafield tag="520" ind1=" " ind2=" "><subfield code="a">Grasshopper herbivory can vary substantially among locations within a salt marsh or among marshes, but its variability along the marsh intertidal gradient (extending from the shoreline to the upland fringing forest) is not well reported. Previous papers have shown that grasshopper herbivory may affect nutrient processes in salt marsh ecosystems, but how such effects are tied up to the intensity of herbivory and how they vary spatially is poorly known. To help address these gaps, we evaluated whether grasshopper herbivory intensity and herbivore abundance together with other plant characteristics (such as total leaf length, plant live and dead biomass, plant nutrient content and plant nutrient standing stocks) varied along the intertidal gradient of two black needlerush marshes in the Northern Gulf of Mexico. Our results show that in one marsh grazing intensity decreased from the shoreline to the forest tree line, but in the other there was similar grazing intensity across the entire intertidal gradient. None of the measured plant characteristics followed the differences in herbivory found along the intertidal gradient and between salt marshes. We also found that, in the salt marsh with decreasing herbivory towards the upland edge, the combination of herbivory, plant nutrient content and plant nutrient standing stocks suggest two different functional zones along the intertidal gradient, one of nutrient availability and recycling near the shoreline and another one of nutrient inmobilization near the upland fringing forest. In concert, the results suggest that grasshopper herbivory intensity may vary along the intertidal gradient in some marshes, but not in others. In turn, spatial differences in herbivory along the intertidal gradient, if they occur, may influence nutrient processes, such as recycling and storage, leading to associated spatial differences in nutrient dynamics in the salt marsh.</subfield></datafield><datafield tag="592" ind1=" " ind2=" "><subfield code="a">Publisher supplied data</subfield></datafield><datafield tag="593" ind1=" " ind2=" "><subfield code="a">PubAg article</subfield></datafield><datafield tag="650" ind1=" " ind2="3"><subfield code="a">Juncus roemerianus</subfield></datafield><datafield tag="650" ind1=" " ind2="3"><subfield code="a">biomass</subfield></datafield><datafield tag="650" ind1=" " ind2="3"><subfield code="a">chemical constituents of plants</subfield></datafield><datafield tag="650" ind1=" " ind2="3"><subfield code="a">ecosystems</subfield></datafield><datafield tag="650" ind1=" " ind2="3"><subfield code="a">forest trees</subfield></datafield><datafield tag="650" ind1=" " ind2="3"><subfield code="a">forests</subfield></datafield><datafield tag="650" ind1=" " ind2="3"><subfield code="a">grasshoppers</subfield></datafield><datafield tag="650" ind1=" " ind2="3"><subfield code="a">grazing intensity</subfield></datafield><datafield tag="650" ind1=" " ind2="3"><subfield code="a">herbivores</subfield></datafield><datafield tag="650" ind1=" " ind2="3"><subfield code="a">highlands</subfield></datafield><datafield tag="650" ind1=" " ind2="3"><subfield code="a">leaf length</subfield></datafield><datafield tag="650" ind1=" " ind2="3"><subfield code="a">littoral zone</subfield></datafield><datafield tag="650" ind1=" " ind2="3"><subfield code="a">nutrient availability</subfield></datafield><datafield tag="650" ind1=" " ind2="3"><subfield code="a">nutrient content</subfield></datafield><datafield tag="650" ind1=" " ind2="3"><subfield code="a">salt marshes</subfield></datafield><datafield tag="650" ind1=" " ind2="3"><subfield code="a">shorelines</subfield></datafield><datafield tag="650" ind1=" " ind2="3"><subfield code="a">treeline</subfield></datafield><datafield tag="651" ind1=" " ind2="3"><subfield code="a">Gulf of Mexico</subfield></datafield><datafield tag="653" ind1=" " ind2="0"><subfield code="a">Salt marsh</subfield></datafield><datafield tag="653" ind1=" " ind2="0"><subfield code="a">Intertidal gradient</subfield></datafield><datafield tag="653" ind1=" " ind2="0"><subfield code="a">Herbivory</subfield></datafield><datafield tag="653" ind1=" " ind2="0"><subfield code="a">Nutrient recycling</subfield></datafield><datafield tag="700" ind1="1" ind2=" "><subfield code="a">Sparks, Eric L.</subfield><subfield code="e">author</subfield><subfield code="u">Coastal Research and Extension Center, Mississippi State University, Biloxi, MS, 39532, USA</subfield></datafield><datafield tag="700" ind1="1" ind2=" "><subfield code="a">Cebrian, Just</subfield><subfield code="e">author</subfield><subfield code="u">Dauphin Island Sea Laboratory, Dauphin Island, AL, 36528, USA</subfield></datafield><datafield tag="773" ind1="0" ind2=" "><subfield code="t">Marine environmental research.</subfield><subfield code="g">2020 Jan., v. 153 p.104814-</subfield><subfield code="d">Elsevier Ltd</subfield><subfield code="w">Journal:1982</subfield><subfield code="x">0141-1136</subfield><subfield code="7">nnas</subfield></datafield><datafield tag="787" ind1="1" ind2=" "><subfield code="o">islandora_article_repository</subfield></datafield><datafield tag="787" ind1="1" ind2=" "><subfield code="o">product_pubag</subfield></datafield><datafield tag="787" ind1="1" ind2=" "><subfield code="o">(Journal)1982</subfield></datafield><datafield tag="856" ind1="4" ind2="0"><subfield code="u">https://dx.doi.org/10.1/j.marenvres.2019.104814</subfield><subfield code="3">Available from publisher's site</subfield></datafield><datafield tag="912" ind1=" " ind2=" "><subfield code="a">Article</subfield></datafield><datafield tag="914" ind1=" " ind2=" "><subfield code="a">Journal:1982</subfield><subfield code="b">0141-1136</subfield></datafield><datafield tag="914" ind1=" " ind2=" "><subfield code="f">Marine environmental research</subfield></datafield><datafield tag="916" ind1=" " ind2=" "><subfield code="a">Batch:2359</subfield></datafield><datafield tag="917" ind1=" " ind2=" "><subfield code="a">issued</subfield></datafield><datafield tag="918" ind1="2" ind2=" "><subfield code="a">Elsevier Consyn</subfield><subfield code="e">provider</subfield><subfield code="5">DNAL</subfield></datafield><datafield tag="935" ind1=" " ind2=" "><subfield code="a">IND606721673</subfield><subfield code="9">ExL</subfield></datafield><datafield tag="949" ind1=" " ind2=" "><subfield code="a">2020-01-22</subfield></datafield><datafield tag="953" ind1=" " ind2=" "><subfield code="a" >/data/metadata/incoming/consyn/218442482522347133-00001-HEAD-ONLY-REVISEDSUBJECTLIST.zip</subfield></datafield><datafield tag="954" ind1=" " ind2=" "><subfield code="a">file:/data/metadata/staging/consyn/S0141113619302314.xml</subfield></datafield><datafield tag="955" ind1=" " ind2=" "><subfield code="a">/data/metadata/staging/consyn/</subfield></datafield><datafield tag="962" ind1=" " ind2=" "><subfield code="a">Batch:2359 reviewed on 2020-01-22T14:00:05Z</subfield></datafield><datafield tag="974" ind1=" " ind2=" "><subfield code="a">agid:6721673</subfield></datafield><datafield tag="983" ind1=" " ind2=" "><subfield code="a">2020-01-06</subfield></datafield><datafield tag="984" ind1=" " ind2=" "><subfield code="a">2020-01-22</subfield></datafield></record>