<record><leader>03521nab a2200409 u 4500</leader><controlfield tag="001">9916099308307426</controlfield><controlfield tag="005">20221120202925.0</controlfield><controlfield tag="008">191007e201211 xx |||||o|||||||||||eng||</controlfield><datafield tag="" ind1="7" ind2=" "><subfield code="a">IND606718876</subfield><subfield code="2">DNAL</subfield></datafield><datafield tag="024" ind1="7" ind2=" "><subfield code="a">10.2136/vzj2011.0102</subfield><subfield code="2">doi</subfield></datafield><datafield tag="035" ind1=" " ind2=" "><subfield code="a">agid:6718876-01nal_inst</subfield></datafield><datafield tag="040" ind1=" " ind2=" "><subfield code="a">AGL</subfield><subfield code="b">eng</subfield><subfield code="c">AGL</subfield></datafield><datafield tag="100" ind1="1" ind2=" "><subfield code="a">Bréchet, L.</subfield><subfield code="e">author</subfield></datafield><datafield tag="245" ind1="1" ind2="0"><subfield code="a">Determining Spatial Variation in Soil Properties in Teak and Native Tropical Forest Plots Using Electromagnetic Induction</subfield></datafield><datafield tag="500" ind1=" " ind2=" "><subfield code="a">epub</subfield></datafield><datafield tag="520" ind1=" " ind2=" "><subfield code="a">The electromagnetic-induction technique was tested to explore tree-soil relationships in tropical forests, and was shown to be a promising method to depict spatial variation in soil texture in forests. The approach also detected the impact of soil water repellency on wetting patterns in native tropical forest.Soil spatial patterns in tropical forest may impact, or to some extent control, important characteristics of tropical forests such as forest biodiversity and carbon emissions. However, tropical forests are highly heterogeneous and therefore determining soil spatial patterns using traditional methods is highly labor intensive and destructive. As a result, rapid soil pattern-property assessment methods for use under tropical conditions are of great interest for evaluating soil patterns and properties at the plot scale. We evaluated the potential of electromagnetic-induction imaging (EMI) for determining spatial variation of soil properties in native tropical forest and teak plots during the dry and wet season. Geostatistical analysis of apparent electrical conductivity (ECa) measured by the EMI sensor revealed consistent semi-variogram ranges of ?30 m over both time (dry season, wet season) and sites (native forest, teak). Analyses of measured soil properties with principal component analyses were similar for both plots: clay-silt content, sand content and soil hygroscopic water coefficient (SHC) were the leading components of the main axes. However, multiple linear regression models revealed a more complex picture. In the teak monoculture, ECa was correlated with soil texture (i.e., clay-silt content) and electrical conductivity of the soil saturation extract (ECe) (= 0.93), while in the native forest ECa was correlated with texture and residual soil water repellency (SWR) (= 0.85). This finding indicates that SWR may play an important role in determining wetting patterns in tropical forests, with implications for resource distribution and gas emissions and may provide a basis for future investigations of soil-tree relationships.</subfield></datafield><datafield tag="592" ind1=" " ind2=" "><subfield code="a">Publisher supplied data</subfield></datafield><datafield tag="700" ind1="1" ind2=" "><subfield code="a">Oatham, M.</subfield><subfield code="e">author</subfield></datafield><datafield tag="700" ind1="1" ind2=" "><subfield code="a">Wuddivira, M.</subfield><subfield code="e">author</subfield></datafield><datafield tag="700" ind1="1" ind2=" "><subfield code="a">Robinson, D.A.</subfield><subfield code="e">author</subfield></datafield><datafield tag="773" ind1="0" ind2=" "><subfield code="t">Vadose zone journal.</subfield><subfield code="g">2012 Nov., v. 11, no. 4</subfield><subfield code="d">The Soil Science Society of America, Inc.</subfield><subfield code="w">Journal:jnl3674032</subfield><subfield code="x">1539-1663</subfield><subfield code="7">nnas</subfield></datafield><datafield tag="787" ind1="1" ind2=" "><subfield code="o">islandora_article_repository</subfield></datafield><datafield tag="787" ind1="1" ind2=" "><subfield code="o">(Journal)jnl3674032</subfield></datafield><datafield tag="856" ind1="4" ind2="0"><subfield code="u">https://dx.doi.org/10.2136/vzj2011.0102</subfield><subfield code="3">Available from publisher's site</subfield></datafield><datafield tag="912" ind1=" " ind2=" "><subfield code="a">Article</subfield></datafield><datafield tag="914" ind1=" " ind2=" "><subfield code="a">Journal:jnl3674032</subfield><subfield code="b">1539-1663</subfield><subfield code="c">11</subfield><subfield code="d">4</subfield></datafield><datafield tag="914" ind1=" " ind2=" "><subfield code="f">Vadose zone journal</subfield></datafield><datafield tag="917" ind1=" " ind2=" "><subfield code="a">review</subfield></datafield><datafield tag="918" ind1="2" ind2=" "><subfield code="a">ACSESS</subfield><subfield code="e">provider</subfield><subfield code="5">DNAL</subfield></datafield><datafield tag="935" ind1=" " ind2=" "><subfield code="a">IND606718876</subfield><subfield code="9">ExL</subfield></datafield><datafield tag="953" ind1=" " ind2=" "><subfield code="a">/data/metadata/incoming/acsess/vzj.xml</subfield></datafield><datafield tag="954" ind1=" " ind2=" "><subfield code="a">file:/data/metadata/staging/acsess/vzj.xml</subfield></datafield><datafield tag="955" ind1=" " ind2=" "><subfield code="a">/data/metadata/staging/acsess/</subfield></datafield><datafield tag="974" ind1=" " ind2=" "><subfield code="a">agid:6718876</subfield></datafield><datafield tag="979" ind1=" " ind2=" "><subfield code="a">Article missing pages</subfield></datafield><datafield tag="983" ind1=" " ind2=" "><subfield code="a">2019-10-07</subfield></datafield><datafield tag="984" ind1=" " ind2=" "><subfield code="a">2019-11-26</subfield></datafield></record>