<record><leader>03307nab a2200577 u 4500</leader><controlfield tag="001">9916099750307426</controlfield><controlfield tag="005">20221120135647.0</controlfield><controlfield tag="008">990901e19981221enk|||||o|||||||||||eng||</controlfield><datafield tag="" ind1="7" ind2=" "><subfield code="a">IND22004291</subfield><subfield code="2">DNAL</subfield></datafield><datafield tag="035" ind1=" " ind2=" "><subfield code="a">agid:3636476-01nal_inst</subfield></datafield><datafield tag="040" ind1=" " ind2=" "><subfield code="a">AGL</subfield><subfield code="b">eng</subfield><subfield code="c">AGL</subfield></datafield><datafield tag="100" ind1="1" ind2=" "><subfield code="a">Satake, A.</subfield></datafield><datafield tag="245" ind1="1" ind2="0"><subfield code="a">Noise-induced regularity of spatial wave patterns in subalpine Abies forests</subfield></datafield><datafield tag="300" ind1=" " ind2=" "><subfield code="a">p. 465-479.</subfield></datafield><datafield tag="500" ind1=" " ind2=" "><subfield code="a">2019-12-05</subfield></datafield><datafield tag="520" ind1=" " ind2=" "><subfield code="a">In subalpine forests dominated by Abies species in Japan and northeastern United States, trees show traveling wave of regeneration with many striped zones of tree dieback, moving downwind at a constant rate. Previous theoretical studies have demonstrated that a very simple model can generate wave-like spatio-temporal patterns of tree regeneration in a lattice-structured habitat with each site occupied by a cohort of trees. A cohort taller than the average height of its windward neighbor experiences stand-level dieback in the next time step and the height becomes zero. Otherwise the cohort increases its height at a constant rate. Starting from a random initial pattern, this simple deterministic model can generate a saw-toothed pattern that moves downwind at a constant rate, but the distance between adjacent dieback zones has a large variance. In this paper, we study the effects of "noises" in tree dieback rules in two forms which help to generate more regular patterns: (1) additional random disturbances at a low rate, which change the size of "clusters" (defined as a group of cohorts between adjacent die back zones) by splitting a large cluster into two or by merging a small one with a neighbor, and (2) the stochastic rule of tree dieback, represented by the probability of dieback in unit time being a sigmoidal function of the difference in the tree height between the site and the windward neighbors. These noises are effective both for one-dimensional and two-dimensional models, but spatial patterns are much more regular in the two-dimensional model than in the one-dimensional model.</subfield></datafield><datafield tag="650" ind1=" " ind2="3"><subfield code="a">subalpine forests</subfield></datafield><datafield tag="650" ind1=" " ind2="3"><subfield code="a">spatial distribution</subfield></datafield><datafield tag="650" ind1=" " ind2="3"><subfield code="a">Abies</subfield></datafield><datafield tag="650" ind1=" " ind2="3"><subfield code="a">cluster analysis</subfield></datafield><datafield tag="650" ind1=" " ind2="3"><subfield code="a">canopy gaps</subfield></datafield><datafield tag="650" ind1=" " ind2="3"><subfield code="a">stochastic processes</subfield></datafield><datafield tag="650" ind1=" " ind2="3"><subfield code="a">dieback</subfield></datafield><datafield tag="651" ind1=" " ind2="3"><subfield code="a">Japan</subfield></datafield><datafield tag="651" ind1=" " ind2="3"><subfield code="a">Northeastern United States</subfield></datafield><datafield tag="653" ind1=" " ind2="0"><subfield code="a">one dimensional models</subfield></datafield><datafield tag="653" ind1=" " ind2="0"><subfield code="a">regeneration</subfield></datafield><datafield tag="653" ind1=" " ind2="0"><subfield code="a">deterministic models</subfield></datafield><datafield tag="653" ind1=" " ind2="0"><subfield code="a">random disturbances</subfield></datafield><datafield tag="653" ind1=" " ind2="0"><subfield code="a">wind effects</subfield></datafield><datafield tag="653" ind1=" " ind2="0"><subfield code="a">computer simulation</subfield></datafield><datafield tag="653" ind1=" " ind2="0"><subfield code="a">two dimensional models</subfield></datafield><datafield tag="700" ind1="1" ind2=" "><subfield code="a">Kubo, T.</subfield></datafield><datafield tag="700" ind1="1" ind2=" "><subfield code="a">Iwasa, Y.</subfield></datafield><datafield tag="773" ind1="0" ind2=" "><subfield code="t">Journal of theoretical biology.</subfield><subfield code="g">1998 Dec. 21, v. 195, no. 4 p.465-479</subfield><subfield code="x">0022-5193</subfield><subfield code="7">nnas</subfield></datafield><datafield tag="787" ind1="1" ind2=" "><subfield code="o">islandora_article_repository</subfield></datafield><datafield tag="787" ind1="1" ind2=" "><subfield code="o">(Journal)jnl46287</subfield></datafield><datafield tag="852" ind1=" " ind2=" "><subfield code="a">DNAL</subfield></datafield><datafield tag="912" ind1=" " ind2=" "><subfield code="a">Article</subfield></datafield><datafield tag="914" ind1=" " ind2=" "><subfield code="a">Journal:jnl46287</subfield></datafield><datafield tag="914" ind1=" " ind2=" "><subfield code="f">J. theor. biol</subfield></datafield><datafield tag="917" ind1=" " ind2=" "><subfield code="a">issued</subfield></datafield><datafield tag="930" ind1=" " ind2=" "><subfield code="a">19991003</subfield><subfield code="b">19991007</subfield><subfield code="c">00000000</subfield></datafield><datafield tag="935" ind1=" " ind2=" "><subfield code="a">IND22004291</subfield><subfield code="9">ExL</subfield></datafield><datafield tag="945" ind1=" " ind2=" "><subfield code="a">IND</subfield><subfield code="d">GHK</subfield></datafield><datafield tag="946" ind1=" " ind2=" "><subfield code="a">Non-US</subfield></datafield><datafield tag="952" ind1=" " ind2=" "><subfield code="a">19991003 19991007 00000000</subfield><subfield code="b">IND GHK </subfield></datafield><datafield tag="974" ind1=" " ind2=" "><subfield code="a">agid:3636476</subfield></datafield><datafield tag="984" ind1=" " ind2=" "><subfield code="a">2014-12-25</subfield></datafield><datafield tag="985" ind1=" " ind2=" "><subfield code="a">Converted from MARCXML to MODS version 3.4 using MARC21slim2MODS3-4.xsl (Revision 1.95 2014/04/23)</subfield></datafield><datafield tag="986" ind1=" " ind2=" "><subfield code="a">3361677</subfield></datafield></record>