<record><leader>04019nab a2200649 u 4500</leader><controlfield tag="001">9916099814307426</controlfield><controlfield tag="005">20221120201242.0</controlfield><controlfield tag="008">190318e201706 xx |||||o|||||||||||eng||</controlfield><datafield tag="" ind1="7" ind2=" "><subfield code="a">IND605625699</subfield><subfield code="2">DNAL</subfield></datafield><datafield tag="024" ind1="7" ind2=" "><subfield code="a">10.1/j.landurbplan.2017.02.002</subfield><subfield code="2">doi</subfield></datafield><datafield tag="035" ind1=" " ind2=" "><subfield code="a">agid:5625699-01nal_inst</subfield></datafield><datafield tag="040" ind1=" " ind2=" "><subfield code="a">AGL</subfield><subfield code="b">eng</subfield><subfield code="c">AGL</subfield></datafield><datafield tag="100" ind1="1" ind2=" "><subfield code="a">Zhang, Hao</subfield><subfield code="e">author</subfield><subfield code="u">Faculty of Design and Environment, Technological and Higher Education Institute of Hong Kong, Tsing Yi Road, Hong Kong, China</subfield></datafield><datafield tag="245" ind1="1" ind2="0"><subfield code="a">Species diversity and spatial pattern of old and precious trees in Macau</subfield></datafield><datafield tag="300" ind1=" " ind2=" "><subfield code="a">p. 56-67.</subfield></datafield><datafield tag="520" ind1=" " ind2=" "><subfield code="a">The world’s fast pace of urbanization has exerted profound pressure on urban trees. With over 400 years of urban history, Macau has developed an exceptionally high population density and ultra-compact mode, yet it permits survival of interesting and diverse heritage trees. These outstanding living remnants connote special values in history, ecology and botany. In conjunction with commemorative importance, they have been designated as Old and Precious Trees (OPT). This study evaluated the OPT with reference to: (a) species diversity and evenness; (b) spatial distribution; (c) tree dimensions, age and health; and (d) spatial differentiation of tree attributes by four districts and eight tree-habitats. Heritage trees in Macau were compared with those in Hong Kong and Guangzhou. The 793 OPT belong to 63 species. The exotic Ficus rumphii is overwhelmingly dominant, followed by F. microcarpa, Cinnamomum camphora and Dimocarpus longan. Species composition, age distribution and health conditions are associated with tree-habitat. Roadside has the largest number of OPT but the least species richness. Public parks and gardens has the highest diversity and largest tree dimensions. The oldest trees are clustered in urban parks and religious places. Tree health is poorer at roadsides, and private residential and commercial properties. The patterns suggest close relationship between tree traits and physical fabric of the city. However, the variety rather than duration of geographical contacts is a key determinant of urban tree diversity. The findings offer insights for heritage-tree conservation and management strategies in compact cities with similar urban structure and history.</subfield></datafield><datafield tag="592" ind1=" " ind2=" "><subfield code="a">Publisher supplied data</subfield></datafield><datafield tag="593" ind1=" " ind2=" "><subfield code="a">PubAg article</subfield></datafield><datafield tag="650" ind1=" " ind2="3"><subfield code="a">Cinnamomum camphora</subfield></datafield><datafield tag="650" ind1=" " ind2="3"><subfield code="a">Dimocarpus longan</subfield></datafield><datafield tag="650" ind1=" " ind2="3"><subfield code="a">Ficus rumphii</subfield></datafield><datafield tag="650" ind1=" " ind2="3"><subfield code="a">cities</subfield></datafield><datafield tag="650" ind1=" " ind2="3"><subfield code="a">gardens</subfield></datafield><datafield tag="650" ind1=" " ind2="3"><subfield code="a">parks</subfield></datafield><datafield tag="650" ind1=" " ind2="3"><subfield code="a">population density</subfield></datafield><datafield tag="650" ind1=" " ind2="3"><subfield code="a">species diversity</subfield></datafield><datafield tag="650" ind1=" " ind2="3"><subfield code="a">trees</subfield></datafield><datafield tag="650" ind1=" " ind2="3"><subfield code="a">urbanization</subfield></datafield><datafield tag="651" ind1=" " ind2="3"><subfield code="a">China</subfield></datafield><datafield tag="651" ind1=" " ind2="3"><subfield code="a">Macau</subfield></datafield><datafield tag="653" ind1=" " ind2="0"><subfield code="a">Heritage tree</subfield></datafield><datafield tag="653" ind1=" " ind2="0"><subfield code="a">Urban tree</subfield></datafield><datafield tag="653" ind1=" " ind2="0"><subfield code="a">Urban history</subfield></datafield><datafield tag="653" ind1=" " ind2="0"><subfield code="a">Tree conservation</subfield></datafield><datafield tag="653" ind1=" " ind2="0"><subfield code="a">Tree habitat</subfield></datafield><datafield tag="653" ind1=" " ind2="0"><subfield code="a">Macau</subfield></datafield><datafield tag="700" ind1="1" ind2=" "><subfield code="a">Lai, Po Ying</subfield><subfield code="e">author</subfield><subfield code="u">Faculty of Design and Environment, Technological and Higher Education Institute of Hong Kong, Tsing Yi Road, Hong Kong, China</subfield></datafield><datafield tag="700" ind1="1" ind2=" "><subfield code="a">Jim, C.Y.</subfield><subfield code="e">author</subfield><subfield code="u">Department of Geography, University of Hong Kong, Pokfulam Road, Hong Kong, China</subfield></datafield><datafield tag="773" ind1="0" ind2=" "><subfield code="t">Landscape and urban planning.</subfield><subfield code="g">2017 June, v. 162 p.56-67</subfield><subfield code="d">Elsevier B.V.</subfield><subfield code="w">Journal:12405</subfield><subfield code="x">9-2046</subfield><subfield code="7">nnas</subfield></datafield><datafield tag="787" ind1="1" ind2=" "><subfield code="o">islandora_article_repository</subfield></datafield><datafield tag="787" ind1="1" ind2=" "><subfield code="o">product_pubag</subfield></datafield><datafield tag="787" ind1="1" ind2=" "><subfield code="o">(Journal)12405</subfield></datafield><datafield tag="856" ind1="4" ind2="0"><subfield code="u">https://dx.doi.org/10.1/j.landurbplan.2017.02.002</subfield><subfield code="3">Available from publisher's site</subfield></datafield><datafield tag="912" ind1=" " ind2=" "><subfield code="a">Article</subfield></datafield><datafield tag="914" ind1=" " ind2=" "><subfield code="a">Journal:12405</subfield><subfield code="b">9-2046</subfield></datafield><datafield tag="914" ind1=" " ind2=" "><subfield code="f">Landscape and urban planning</subfield></datafield><datafield tag="916" ind1=" " ind2=" "><subfield code="a">Batch:1790</subfield></datafield><datafield tag="917" ind1=" " ind2=" "><subfield code="a">issued</subfield></datafield><datafield tag="918" ind1="2" ind2=" "><subfield code="a">Elsevier Consyn</subfield><subfield code="e">provider</subfield><subfield code="5">DNAL</subfield></datafield><datafield tag="935" ind1=" " ind2=" "><subfield code="a">IND605625699</subfield><subfield code="9">ExL</subfield></datafield><datafield tag="949" ind1=" " ind2=" "><subfield code="a">2019-03-18</subfield></datafield><datafield tag="953" ind1=" " ind2=" "><subfield code="a">/data/metadata/incoming/consyn/46-2-00034-HEAD-ONLY.zip</subfield></datafield><datafield tag="954" ind1=" " ind2=" "><subfield code="a">file:/data/metadata/staging/consyn/S9204617300257.xml</subfield></datafield><datafield tag="955" ind1=" " ind2=" "><subfield code="a">/data/metadata/staging/consyn/</subfield></datafield><datafield tag="974" ind1=" " ind2=" "><subfield code="a">agid:5625699</subfield></datafield><datafield tag="983" ind1=" " ind2=" "><subfield code="a">2019-03-18</subfield></datafield><datafield tag="984" ind1=" " ind2=" "><subfield code="a">2019-03-18</subfield></datafield></record>