<record><leader>04257nab a2200697 u 4500</leader><controlfield tag="001">9916100102007426</controlfield><controlfield tag="005">20221120055128.0</controlfield><controlfield tag="008">141009e201410 xx |||||o|||||||||||eng||</controlfield><datafield tag="" ind1="7" ind2=" "><subfield code="a">IND600816619</subfield><subfield code="2">DNAL</subfield></datafield><datafield tag="024" ind1="7" ind2=" "><subfield code="a">24969399</subfield><subfield code="2">pmid</subfield></datafield><datafield tag="024" ind1="7" ind2=" "><subfield code="a">10.1007/s00299-014-1647-y</subfield><subfield code="2">doi</subfield></datafield><datafield tag="035" ind1=" " ind2=" "><subfield code="a">agid:816619-01nal_inst</subfield></datafield><datafield tag="040" ind1=" " ind2=" "><subfield code="a">AGL</subfield><subfield code="b">eng</subfield><subfield code="c">AGL</subfield></datafield><datafield tag="100" ind1="1" ind2=" "><subfield code="a">Wang, Shengji</subfield><subfield code="e">author</subfield><subfield code="u">State Key Laboratory of Tree Genetics and Breeding, Northeast Forestry University, 51 Hexing Road, Harbin, 150040, China,</subfield></datafield><datafield tag="245" ind1="1" ind2="0"><subfield code="a">Expression patterns of WRKY genes in di-haploid Populus simonii × P. nigra in response to salinity stress revealed by quantitative real-time PCR and RNA sequencing</subfield></datafield><datafield tag="300" ind1=" " ind2=" "><subfield code="a">p. 1687-1696.</subfield></datafield><datafield tag="520" ind1=" " ind2=" "><subfield code="a">KEY MESSAGE : Spatio-temporal expression patterns of 13 out of 119 poplar WRKY genes indicated dynamic and tissue-specific roles of WRKY family proteins in salinity stress tolerance. To understand the expression patterns of poplar WRKY genes under salinity stress, 51 of the 119 WRKY genes were selected from di-haploid Populus simonii × P. nigra by quantitative real-time PCR (qRT-PCR). We used qRT-PCR to profile the expression of the top 13 genes under salinity stress across seven time points, and employed RNA-Seq platforms to cross-validate it. Results demonstrated that all the 13 WRKY genes were expressed in root, stem, and leaf tissues, but their expression levels and overall patterns varied notably in these tissues. Regarding overall gene expression in roots, the 13 genes were significantly highly expressed at all six time points after the treatment, reaching the plateau of expression at hour 9. In leaves, the 13 genes were similarly up-regulated from 3 to 12 h in response to NaCl treatment. In stems, however, expression levels of the 13 genes did not show significant changes after the NaCl treatment. Regarding individual gene expression across the time points and the three tissues, the 13 genes can be classified into three clusters: the lowly expressed Cluster 1 containing PthWRKY28, 45 and 105; intermediately expressed Clusters 2 including PthWRKY56, 88 and 116; and highly expressed Cluster 3 consisting of PthWRKY41, 44, 51, 61, 62, 75 and 106. In general, genes in Cluster 2 and 3 displayed a dynamic pattern of “induced amplification—recovering”, suggesting that these WRKY genes and corresponding pathways may play a critical role in mediating salt response and tolerance in a dynamic and tissue-specific manner.</subfield></datafield><datafield tag="592" ind1=" " ind2=" "><subfield code="a">Publisher supplied data</subfield></datafield><datafield tag="593" ind1=" " ind2=" "><subfield code="a">PubAg article</subfield></datafield><datafield tag="650" ind1=" " ind2="3"><subfield code="a">Populus simonii</subfield></datafield><datafield tag="650" ind1=" " ind2="3"><subfield code="a">RNA</subfield></datafield><datafield tag="650" ind1=" " ind2="3"><subfield code="a">gene expression</subfield></datafield><datafield tag="650" ind1=" " ind2="3"><subfield code="a">gene expression regulation</subfield></datafield><datafield tag="650" ind1=" " ind2="3"><subfield code="a">genes</subfield></datafield><datafield tag="650" ind1=" " ind2="3"><subfield code="a">leaves</subfield></datafield><datafield tag="650" ind1=" " ind2="3"><subfield code="a">proteins</subfield></datafield><datafield tag="650" ind1=" " ind2="3"><subfield code="a">quantitative polymerase chain reaction</subfield></datafield><datafield tag="650" ind1=" " ind2="3"><subfield code="a">reverse transcriptase polymerase chain reaction</subfield></datafield><datafield tag="650" ind1=" " ind2="3"><subfield code="a">roots</subfield></datafield><datafield tag="650" ind1=" " ind2="3"><subfield code="a">salt stress</subfield></datafield><datafield tag="650" ind1=" " ind2="3"><subfield code="a">sodium chloride</subfield></datafield><datafield tag="650" ind1=" " ind2="3"><subfield code="a">spatial variation</subfield></datafield><datafield tag="650" ind1=" " ind2="3"><subfield code="a">stems</subfield></datafield><datafield tag="650" ind1=" " ind2="3"><subfield code="a">stress tolerance</subfield></datafield><datafield tag="650" ind1=" " ind2="3"><subfield code="a">temporal variation</subfield></datafield><datafield tag="700" ind1="1" ind2=" "><subfield code="a">Wang, Jiying</subfield><subfield code="e">author</subfield></datafield><datafield tag="700" ind1="1" ind2=" "><subfield code="a">Yao, Wenjing</subfield><subfield code="e">author</subfield></datafield><datafield tag="700" ind1="1" ind2=" "><subfield code="a">Zhou, Boru</subfield><subfield code="e">author</subfield></datafield><datafield tag="700" ind1="1" ind2=" "><subfield code="a">Li, Renhua</subfield><subfield code="e">author</subfield></datafield><datafield tag="700" ind1="1" ind2=" "><subfield code="a">Jiang, Tingbo</subfield><subfield code="e">author</subfield></datafield><datafield tag="773" ind1="0" ind2=" "><subfield code="t">Plant cell reports.</subfield><subfield code="g">2014 Oct., v. 33, no. 10 p.1687-1696</subfield><subfield code="d">Springer-Verlag</subfield><subfield code="w">Journal:jnl33565</subfield><subfield code="x">0721-7714</subfield><subfield code="7">nnas</subfield></datafield><datafield tag="787" ind1="1" ind2=" "><subfield code="o">islandora_article_repository</subfield></datafield><datafield tag="787" ind1="1" ind2=" "><subfield code="o">product_pubag</subfield></datafield><datafield tag="787" ind1="1" ind2=" "><subfield code="o">(Journal)jnl33565</subfield></datafield><datafield tag="856" ind1="4" ind2="0"><subfield code="u">http://dx.doi.org/10.1007/s00299-014-1647-y</subfield><subfield code="3">Available from publisher's site</subfield></datafield><datafield tag="912" ind1=" " ind2=" "><subfield code="a">Article</subfield></datafield><datafield tag="914" ind1=" " ind2=" "><subfield code="a">Journal:jnl33565</subfield><subfield code="b">0721-7714</subfield><subfield code="c">33</subfield><subfield code="d">10</subfield><subfield code="e">1687</subfield></datafield><datafield tag="914" ind1=" " ind2=" "><subfield code="f">Plant cell reports</subfield></datafield><datafield tag="916" ind1=" " ind2=" "><subfield code="a">Batch:744</subfield></datafield><datafield tag="917" ind1=" " ind2=" "><subfield code="a">issued</subfield></datafield><datafield tag="918" ind1="2" ind2=" "><subfield code="a">Springer</subfield><subfield code="e">provider</subfield><subfield code="5">DNAL</subfield></datafield><datafield tag="935" ind1=" " ind2=" "><subfield code="a">IND600816619</subfield><subfield code="9">ExL</subfield></datafield><datafield tag="949" ind1=" " ind2=" "><subfield code="a">2014-12-31</subfield></datafield><datafield tag="953" ind1=" " ind2=" "><subfield code="a">ftp_PUB_14-09-16_05-39-35.zip</subfield></datafield><datafield tag="962" ind1=" " ind2=" "><subfield code="a">Journal title changed from 'Plant Cell Rep'</subfield></datafield><datafield tag="962" ind1=" " ind2=" "><subfield code="a">Batch:744 annotated on 2014-12-09T13:15:23Z</subfield></datafield><datafield tag="962" ind1=" " ind2=" "><subfield code="a">Batch:744 reviewed on 2014-12-30T16:00:03Z</subfield></datafield><datafield tag="962" ind1=" " ind2=" "><subfield code="a">Batch:744 reviewed on 2014-12-31T04:00:02Z</subfield></datafield><datafield tag="974" ind1=" " ind2=" "><subfield code="a">agid:816619</subfield></datafield><datafield tag="983" ind1=" " ind2=" "><subfield code="a">2014-10-09</subfield></datafield><datafield tag="984" ind1=" " ind2=" "><subfield code="a">2014-10-09</subfield></datafield></record>