<record><leader>04707nab a2200685 u 4500</leader><controlfield tag="001">9916100423307426</controlfield><controlfield tag="005">20221122041307.0</controlfield><controlfield tag="008">210427e202008 xx |||||o|||||||||||eng||</controlfield><datafield tag="" ind1="7" ind2=" "><subfield code="a">IND607083348</subfield><subfield code="2">DNAL</subfield></datafield><datafield tag="024" ind1="7" ind2=" "><subfield code="a">10.1/j.heliyon.2020.e04485</subfield><subfield code="2">doi</subfield></datafield><datafield tag="035" ind1=" " ind2=" "><subfield code="a">agid:7083348-01nal_inst</subfield></datafield><datafield tag="040" ind1=" " ind2=" "><subfield code="a">AGL</subfield><subfield code="b">eng</subfield><subfield code="c">AGL</subfield></datafield><datafield tag="100" ind1="1" ind2=" "><subfield code="a">Adulkongkaew, Tratrin</subfield><subfield code="e">author</subfield><subfield code="u">Department of Environmental Technology and Management, Faculty of Environment, Kasetsart University, Bangkok, Thailand</subfield></datafield><datafield tag="245" ind1="1" ind2="0"><subfield code="a">Effect of land cover composition and building configuration on land surface temperature in an urban-sprawl city, case study in Bangkok Metropolitan Area, Thailand</subfield></datafield><datafield tag="520" ind1=" " ind2=" "><subfield code="a">The Bangkok Metropolitan Area is an example of urban sprawl that has undergone rapid expansion and major changes in urban composition and building configuration. This city is now faced with the urban heat island phenomenon. Initial observations of land surface temperature (LST) in recent years have indicated that LST has tended to increase in both urban and suburban areas. The purposes of this study were to: (1) assess different land cover types and combinations of land cover composition along an LST gradient, and (2) investigate effect of building configuration types on the LST in densely urban areas. We analyzed the urban composition variation of 4,960 land cover samples using a 500 m × 500 m grid and configuration metrics in spatial patterns from Landsat 8 data and a high-resolution database of buildings obtained from GIS data of the Bangkok Metropolitan Area. The results indicated that the fraction of land cover composition was strongly related to LST. Our results suggested that LST can be effectively mitigated by using below green (shrubs, grasses, and yards), above green (trees, orchards, mangroves, and perennial plants) and water land cover. By increasing tree canopy to around 20%, water body to around 30% or green yard/shrub to around 40% of the built-up areas, it is possible to reduce LST significantly. Urban configurations (edge density, patch density, large patch, mean patch size, building height, compactness of building, building type, and building use) affecting on LST were studied. Increased edge density, patch density of buildings, and building height caused reductions in LST. Distribution of LST patterns can be significantly related with urban composition or land configuration features. The results of this study can increase understanding of the interaction between urban composition and configuration metrics. Moreover, our findings may be useful in the mitigation of the impact of LST in urban-sprawl cities.</subfield></datafield><datafield tag="592" ind1=" " ind2=" "><subfield code="a">Publisher supplied data</subfield></datafield><datafield tag="593" ind1=" " ind2=" "><subfield code="a">PubAg article</subfield></datafield><datafield tag="650" ind1=" " ind2="3"><subfield code="a">Landsat</subfield></datafield><datafield tag="650" ind1=" " ind2="3"><subfield code="a">canopy</subfield></datafield><datafield tag="650" ind1=" " ind2="3"><subfield code="a">case studies</subfield></datafield><datafield tag="650" ind1=" " ind2="3"><subfield code="a">databases</subfield></datafield><datafield tag="650" ind1=" " ind2="3"><subfield code="a">heat island</subfield></datafield><datafield tag="650" ind1=" " ind2="3"><subfield code="a">land cover</subfield></datafield><datafield tag="650" ind1=" " ind2="3"><subfield code="a">metropolitan areas</subfield></datafield><datafield tag="650" ind1=" " ind2="3"><subfield code="a">shrubs</subfield></datafield><datafield tag="650" ind1=" " ind2="3"><subfield code="a">surface temperature</subfield></datafield><datafield tag="650" ind1=" " ind2="3"><subfield code="a">surface water</subfield></datafield><datafield tag="650" ind1=" " ind2="3"><subfield code="a">trees</subfield></datafield><datafield tag="650" ind1=" " ind2="3"><subfield code="a">urbanization</subfield></datafield><datafield tag="651" ind1=" " ind2="3"><subfield code="a">Thailand</subfield></datafield><datafield tag="653" ind1=" " ind2="0"><subfield code="a">Bangkok</subfield></datafield><datafield tag="653" ind1=" " ind2="0"><subfield code="a">Land surface temperature (LST)</subfield></datafield><datafield tag="653" ind1=" " ind2="0"><subfield code="a">Urban composition</subfield></datafield><datafield tag="653" ind1=" " ind2="0"><subfield code="a">Urban configuration</subfield></datafield><datafield tag="653" ind1=" " ind2="0"><subfield code="a">Urban heat island</subfield></datafield><datafield tag="653" ind1=" " ind2="0"><subfield code="a">Materials science</subfield></datafield><datafield tag="653" ind1=" " ind2="0"><subfield code="a">Environmental science</subfield></datafield><datafield tag="653" ind1=" " ind2="0"><subfield code="a">Earth sciences</subfield></datafield><datafield tag="700" ind1="1" ind2=" "><subfield code="a">Satapanajaru, Tunlawit</subfield><subfield code="e">author</subfield><subfield code="u">Department of Environmental Technology and Management, Faculty of Environment, Kasetsart University, Bangkok, Thailand</subfield><subfield code="1">https://orcid.org/0000-0001-5922-033X</subfield></datafield><datafield tag="700" ind1="1" ind2=" "><subfield code="a">Charoenhirunyingyos, Sujittra</subfield><subfield code="e">author</subfield><subfield code="u">Department of Geography, Kasetsart University, Bangkok, Thailand</subfield></datafield><datafield tag="700" ind1="1" ind2=" "><subfield code="a">Singhirunnusorn, Wichitra</subfield><subfield code="e">author</subfield><subfield code="u">Department of Environmental Technology, Mahasarakham University, Mahasarakham, Thailand</subfield><subfield code="1">https://orcid.org/0000-0002-5371-5785</subfield></datafield><datafield tag="773" ind1="0" ind2=" "><subfield code="t">Heliyon.</subfield><subfield code="g">2020 Aug., v. 6, no. 8 p.e04485-</subfield><subfield code="d">Elsevier Ltd</subfield><subfield code="w">Journal:23264</subfield><subfield code="x">2405-8440</subfield><subfield code="7">nnas</subfield></datafield><datafield tag="787" ind1="1" ind2=" "><subfield code="o">islandora_article_repository</subfield></datafield><datafield tag="787" ind1="1" ind2=" "><subfield code="o">product_pubag</subfield></datafield><datafield tag="787" ind1="1" ind2=" "><subfield code="o">(Journal)23264</subfield></datafield><datafield tag="856" ind1="4" ind2="0"><subfield code="u">https://dx.doi.org/10.1/j.heliyon.2020.e04485</subfield><subfield code="3">Available from publisher's site</subfield></datafield><datafield tag="912" ind1=" " ind2=" "><subfield code="a">Article</subfield></datafield><datafield tag="914" ind1=" " ind2=" "><subfield code="a">Journal:23264</subfield><subfield code="b">2405-8440</subfield><subfield code="c">6</subfield><subfield code="d">8</subfield><subfield code="e">e04485</subfield></datafield><datafield tag="914" ind1=" " ind2=" "><subfield code="f">Heliyon</subfield></datafield><datafield tag="916" ind1=" " ind2=" "><subfield code="a">Batch:10101</subfield></datafield><datafield tag="917" ind1=" " ind2=" "><subfield code="a">issued</subfield></datafield><datafield tag="918" ind1="2" ind2=" "><subfield code="a">Elsevier Consyn</subfield><subfield code="e">provider</subfield><subfield code="5">DNAL</subfield></datafield><datafield tag="935" ind1=" " ind2=" "><subfield code="a">IND607083348</subfield><subfield code="9">ExL</subfield></datafield><datafield tag="949" ind1=" " ind2=" "><subfield code="a">2021-04-19</subfield></datafield><datafield tag="953" ind1=" " ind2=" "><subfield code="a" >/data/metadata/incoming/consyn/488139939764762526-00002-HEAD-ONLY-REVISEDSUBJECTLIST.ZIP</subfield></datafield><datafield tag="954" ind1=" " ind2=" "><subfield code="a">file:/data/metadata/staging/consyn/S2405844020313293.xml</subfield></datafield><datafield tag="955" ind1=" " ind2=" "><subfield code="a">/data/metadata/staging/consyn/</subfield></datafield><datafield tag="974" ind1=" " ind2=" "><subfield code="a">agid:7083348</subfield></datafield><datafield tag="983" ind1=" " ind2=" "><subfield code="a">2021-04-27</subfield></datafield><datafield tag="984" ind1=" " ind2=" "><subfield code="a">2021-04-27</subfield></datafield></record>