<record><leader>03557nab a2200697 u 4500</leader><controlfield tag="001">9916100506207426</controlfield><controlfield tag="005">20221122225803.0</controlfield><controlfield tag="008">160514e206 xx |||||o|||||||||||eng||</controlfield><datafield tag="" ind1="7" ind2=" "><subfield code="a">IND605221</subfield><subfield code="2">DNAL</subfield></datafield><datafield tag="024" ind1="7" ind2=" "><subfield code="a">10.1007/s11842-015-9317-7</subfield><subfield code="2">doi</subfield></datafield><datafield tag="035" ind1=" " ind2=" "><subfield code="a">agid:5221-01nal_inst</subfield></datafield><datafield tag="040" ind1=" " ind2=" "><subfield code="a">AGL</subfield><subfield code="b">eng</subfield><subfield code="c">AGL</subfield></datafield><datafield tag="100" ind1="1" ind2=" "><subfield code="a">Abiyu, Abrham</subfield><subfield code="e">author</subfield></datafield><datafield tag="245" ind1="1" ind2="0"><subfield code="a">Tree Planting by Smallholder Farmers in the Upper Catchment of Lake Tana Watershed, Northwest Ethiopia</subfield></datafield><datafield tag="300" ind1=" " ind2=" "><subfield code="a">p. 199-212.</subfield></datafield><datafield tag="520" ind1=" " ind2=" "><subfield code="a">Tree growing by smallholder farmers is an emerging livelihood strategy in Lake Tana catchment. The objectives of this study were to (1) identify the most important tree species grown, (2) investigate the drivers of the existing pattern, and (3) identify determinants of the number and diversity of tree species and their spatial patterns. Survey data were collected from 200 households. Multiple linear regression was employed to identify the determinants of tree growing behaviour of households and spatial variables affecting the abundance of tree species. Eucalyptus globulus, Acacia decurrens and E. camaldulensis dominate woodlots. Only a fraction of the forest production is used by the households, the rest being sold as poles or charcoal. Location in relation to market centres, number of livestock owned, landholding size and age of household head were found to positively affected the number of tree species and trees grown. Gender affected the species and spatial pattern of trees. Woodlots, farm boundaries and homesteads were found to be important tree growing niches. These results substantiate the proposition that farmers assign their parcels of land to uses that increase the rent value of the land, and this value is affected by access to roads. Woodlots are on the increase at the cost of productive agricultural land. Provision of a tree planting extension service may increase participation of farmers in tree planting, and a management-oriented tree planting extension service may give desirable results.</subfield></datafield><datafield tag="592" ind1=" " ind2=" "><subfield code="a">Publisher supplied data</subfield></datafield><datafield tag="593" ind1=" " ind2=" "><subfield code="a">PubAg article</subfield></datafield><datafield tag="650" ind1=" " ind2="3"><subfield code="a">Acacia decurrens</subfield></datafield><datafield tag="650" ind1=" " ind2="3"><subfield code="a">Eucalyptus globulus</subfield></datafield><datafield tag="650" ind1=" " ind2="3"><subfield code="a">agricultural land</subfield></datafield><datafield tag="650" ind1=" " ind2="3"><subfield code="a">charcoal</subfield></datafield><datafield tag="650" ind1=" " ind2="3"><subfield code="a">farmers</subfield></datafield><datafield tag="650" ind1=" " ind2="3"><subfield code="a">farms</subfield></datafield><datafield tag="650" ind1=" " ind2="3"><subfield code="a">gender</subfield></datafield><datafield tag="650" ind1=" " ind2="3"><subfield code="a">households</subfield></datafield><datafield tag="650" ind1=" " ind2="3"><subfield code="a">lakes</subfield></datafield><datafield tag="650" ind1=" " ind2="3"><subfield code="a">land use</subfield></datafield><datafield tag="650" ind1=" " ind2="3"><subfield code="a">linear models</subfield></datafield><datafield tag="650" ind1=" " ind2="3"><subfield code="a">livelihood</subfield></datafield><datafield tag="650" ind1=" " ind2="3"><subfield code="a">livestock</subfield></datafield><datafield tag="650" ind1=" " ind2="3"><subfield code="a">markets</subfield></datafield><datafield tag="650" ind1=" " ind2="3"><subfield code="a">niches</subfield></datafield><datafield tag="650" ind1=" " ind2="3"><subfield code="a">planting</subfield></datafield><datafield tag="650" ind1=" " ind2="3"><subfield code="a">roads</subfield></datafield><datafield tag="650" ind1=" " ind2="3"><subfield code="a">surveys</subfield></datafield><datafield tag="650" ind1=" " ind2="3"><subfield code="a">timber production</subfield></datafield><datafield tag="650" ind1=" " ind2="3"><subfield code="a">trees</subfield></datafield><datafield tag="650" ind1=" " ind2="3"><subfield code="a">watersheds</subfield></datafield><datafield tag="651" ind1=" " ind2="3"><subfield code="a">Ethiopia</subfield></datafield><datafield tag="700" ind1="1" ind2=" "><subfield code="a">Teketay, Demel</subfield><subfield code="e">author</subfield></datafield><datafield tag="700" ind1="1" ind2=" "><subfield code="a">Gratzer, Georg</subfield><subfield code="e">author</subfield></datafield><datafield tag="700" ind1="1" ind2=" "><subfield code="a">Shete, Maru</subfield><subfield code="e">author</subfield></datafield><datafield tag="773" ind1="0" ind2=" "><subfield code="t">Small-scale forestry.</subfield><subfield code="g">2 June, v. 15, no. 2 p.199-212</subfield><subfield code="d">Springer Netherlands</subfield><subfield code="x">1873-7617</subfield><subfield code="7">nnas</subfield></datafield><datafield tag="787" ind1="1" ind2=" "><subfield code="o">islandora_article_repository</subfield></datafield><datafield tag="787" ind1="1" ind2=" "><subfield code="o">product_pubag</subfield></datafield><datafield tag="787" ind1="1" ind2=" "><subfield code="o">(Journal)J000000151</subfield></datafield><datafield tag="856" ind1="4" ind2="0"><subfield code="u">http://dx.doi.org/10.1007/s11842-015-9317-7</subfield><subfield code="3">Available from publisher's site</subfield></datafield><datafield tag="912" ind1=" " ind2=" "><subfield code="a">Article</subfield></datafield><datafield tag="914" ind1=" " ind2=" "><subfield code="a">Journal:J000000151</subfield><subfield code="b">1873-7617</subfield><subfield code="c">15</subfield><subfield code="d">2</subfield><subfield code="e">199</subfield></datafield><datafield tag="914" ind1=" " ind2=" "><subfield code="f">Small-scale forestry</subfield></datafield><datafield tag="916" ind1=" " ind2=" "><subfield code="a">Batch:1388</subfield></datafield><datafield tag="917" ind1=" " ind2=" "><subfield code="a">issued</subfield></datafield><datafield tag="918" ind1="2" ind2=" "><subfield code="a">Springer</subfield><subfield code="e">provider</subfield><subfield code="5">DNAL</subfield></datafield><datafield tag="935" ind1=" " ind2=" "><subfield code="a">IND605221</subfield><subfield code="9">ExL</subfield></datafield><datafield tag="949" ind1=" " ind2=" "><subfield code="a">2-08-12</subfield></datafield><datafield tag="953" ind1=" " ind2=" "><subfield code="a">ftp_PUB_16-05-14_05-27-41.zip</subfield></datafield><datafield tag="962" ind1=" " ind2=" "><subfield code="a">Batch:1388 reviewed on 2-08-12T04:00:02Z</subfield></datafield><datafield tag="974" ind1=" " ind2=" "><subfield code="a">agid:5221</subfield></datafield><datafield tag="983" ind1=" " ind2=" "><subfield code="a">2-05-14</subfield></datafield><datafield tag="984" ind1=" " ind2=" "><subfield code="a">2-08-12</subfield></datafield></record>