<record><leader>09140nab a2201009 u 4500</leader><controlfield tag="001">9916100587607426</controlfield><controlfield tag="005">20221120125930.0</controlfield><controlfield tag="008">190628e201808 xx |||||o|||||||||||eng||</controlfield><datafield tag="" ind1="7" ind2=" "><subfield code="a">IND606329366</subfield><subfield code="2">DNAL</subfield></datafield><datafield tag="024" ind1="7" ind2=" "><subfield code="a">10.1/j.envexpbot.2017.12.015</subfield><subfield code="2">doi</subfield></datafield><datafield tag="035" ind1=" " ind2=" "><subfield code="a">agid:6329366-01nal_inst</subfield></datafield><datafield tag="040" ind1=" " ind2=" "><subfield code="a">AGL</subfield><subfield code="b">eng</subfield><subfield code="c">AGL</subfield></datafield><datafield tag="100" ind1="1" ind2=" "><subfield code="a">Grossman, Jake J.</subfield><subfield code="e">author</subfield><subfield code="u">Department of Ecology, Evolution, and Behavior, University of Minnesota, Twin Cities, 1479 Gortner Avenue, St. Paul, MN 55108, USA</subfield></datafield><datafield tag="245" ind1="1" ind2="0"><subfield code="a">Synthesis and future research directions linking tree diversity to growth, survival, and damage in a global network of tree diversity experiments</subfield></datafield><datafield tag="300" ind1=" " ind2=" "><subfield code="a">p. 68-89.</subfield></datafield><datafield tag="520" ind1=" " ind2=" "><subfield code="a">Despite considerable research demonstrating that biodiversity increases productivity in forests and regulates herbivory and pathogen damage, there remain gaps in our understanding of the shape, magnitude, and generality of these biodiversity-ecosystem functioning (BEF) relationships. Here, we review findings from TreeDivNet, a global network of 25 tree diversity experiments, on relationships between levels of biodiversity and (a) tree growth and survival and (b) damage to trees from pests and pathogens. Tree diversity often improved the survival and above- and belowground growth of young trees. The mechanistic bases of the diversity effects on tree growth and survival include both selection effects (i.e., an increasing impact of particular species in more species-rich communities) and complementary effects (e.g. related to resource differentiation and facilitation). Plant traits and abiotic stressors may mediate these relationships. Studies of the responses of invertebrate and vertebrate herbivory and pathogen damage have demonstrated that trees in more diverse experimental plots may experience more, less, or similar damage compared to conspecific trees in less diverse plots. Documented mechanisms producing these patterns include changes in concentration, frequency, and apparency of hosts; herbivore and pathogen diet breadth; the spatial scale of interactions; and herbivore and pathogen regulation by natural enemies. Our review of findings from TreeDivNet indicates that tree diversity experiments are extending BEF research across systems and scales, complementing previous BEF work in grasslands by providing opportunities to use remote sensing and spectral approaches to study BEF dynamics, integrate belowground and aboveground approaches, and trace the consequences of tree physiology for ecosystem functioning. This extension of BEF research into tree-dominated systems is improving ecologists’ capacity to understand the mechanistic bases behind BEF relationships. Tree diversity experiments also present opportunities for novel research. Since experimental tree diversity plantations enable measurements at tree, neighbourhood and plot level, they allow for explicit consideration of temporal and spatial scales in BEF dynamics. Presently, most TreeDivNet experiments have run for less than ten years. Given the longevity of trees, exciting results on BEF relationships are expected in the future.</subfield></datafield><datafield tag="592" ind1=" " ind2=" "><subfield code="a">Publisher supplied data</subfield></datafield><datafield tag="593" ind1=" " ind2=" "><subfield code="a">PubAg article</subfield></datafield><datafield tag="650" ind1=" " ind2="3"><subfield code="a">abiotic stress</subfield></datafield><datafield tag="650" ind1=" " ind2="3"><subfield code="a">biodiversity</subfield></datafield><datafield tag="650" ind1=" " ind2="3"><subfield code="a">foraging</subfield></datafield><datafield tag="650" ind1=" " ind2="3"><subfield code="a">forests</subfield></datafield><datafield tag="650" ind1=" " ind2="3"><subfield code="a">grasslands</subfield></datafield><datafield tag="650" ind1=" " ind2="3"><subfield code="a">herbivores</subfield></datafield><datafield tag="650" ind1=" " ind2="3"><subfield code="a">hosts</subfield></datafield><datafield tag="650" ind1=" " ind2="3"><subfield code="a">invertebrates</subfield></datafield><datafield tag="650" ind1=" " ind2="3"><subfield code="a">longevity</subfield></datafield><datafield tag="650" ind1=" " ind2="3"><subfield code="a">natural enemies</subfield></datafield><datafield tag="650" ind1=" " ind2="3"><subfield code="a">pathogens</subfield></datafield><datafield tag="650" ind1=" " ind2="3"><subfield code="a">pests</subfield></datafield><datafield tag="650" ind1=" " ind2="3"><subfield code="a">plantations</subfield></datafield><datafield tag="650" ind1=" " ind2="3"><subfield code="a">remote sensing</subfield></datafield><datafield tag="650" ind1=" " ind2="3"><subfield code="a">tree growth</subfield></datafield><datafield tag="650" ind1=" " ind2="3"><subfield code="a">trees</subfield></datafield><datafield tag="650" ind1=" " ind2="3"><subfield code="a">vertebrates</subfield></datafield><datafield tag="653" ind1=" " ind2="0"><subfield code="a">Biodiversity experiment</subfield></datafield><datafield tag="653" ind1=" " ind2="0"><subfield code="a">Ecophysiology</subfield></datafield><datafield tag="653" ind1=" " ind2="0"><subfield code="a">Herbivory</subfield></datafield><datafield tag="653" ind1=" " ind2="0"><subfield code="a">Pathogens</subfield></datafield><datafield tag="653" ind1=" " ind2="0"><subfield code="a">Plantation forest</subfield></datafield><datafield tag="653" ind1=" " ind2="0"><subfield code="a">Research infrastructure</subfield></datafield><datafield tag="700" ind1="1" ind2=" "><subfield code="a">Vanhellemont, Margot</subfield><subfield code="e">author</subfield><subfield code="u">Forest &amp; Nature Lab, Department of Environment, Ghent University, Geraardsbergsesteenweg 267, 9090 Melle-Gontrode, Belgium</subfield></datafield><datafield tag="700" ind1="1" ind2=" "><subfield code="a">Barsoum, Nadia</subfield><subfield code="e">author</subfield><subfield code="u">Centre for Ecosystems, Society, and Biosecurity, Forest Research, Alice Holt Lodge, Farnham, Surrey GU10 4LH, UK</subfield></datafield><datafield tag="700" ind1="1" ind2=" "><subfield code="a">Bauhus, Jürgen</subfield><subfield code="e">author</subfield><subfield code="u">Chair of Silviculture, Faculty of Environment and Natural Resources, Freiburg University, Tennenbacherstr. 4, 79108 Freiburg, Germany</subfield></datafield><datafield tag="700" ind1="1" ind2=" "><subfield code="a">Bruelheide, Helge</subfield><subfield code="e">author</subfield><subfield code="u">Institute of Biology/Geobotany and Botanical Garden, Martin Luther University Halle-Wittenberg, Am Kirchtor 1, 06108 Halle (Saale), Germany</subfield></datafield><datafield tag="700" ind1="1" ind2=" "><subfield code="a">Castagneyrol, Bastien</subfield><subfield code="e">author</subfield><subfield code="u">BIOGECO, INRA, Univ. Bordeaux, 33610 Cestas, France</subfield></datafield><datafield tag="700" ind1="1" ind2=" "><subfield code="a">Cavender-Bares, Jeannine</subfield><subfield code="e">author</subfield><subfield code="u">Department of Ecology, Evolution, and Behavior, University of Minnesota, Twin Cities, 1479 Gortner Avenue, St. Paul, MN 55108, USA</subfield></datafield><datafield tag="700" ind1="1" ind2=" "><subfield code="a">Eisenhauer, Nico</subfield><subfield code="e">author</subfield><subfield code="u">German Centre for Integrative Biodiversity Research (iDiv) Halle-Jena-Leipzig, Deutscher Platz 5e, 04103 Leipzig, Germany</subfield></datafield><datafield tag="700" ind1="1" ind2=" "><subfield code="a">Ferlian, Olga</subfield><subfield code="e">author</subfield><subfield code="u">German Centre for Integrative Biodiversity Research (iDiv) Halle-Jena-Leipzig, Deutscher Platz 5e, 04103 Leipzig, Germany</subfield></datafield><datafield tag="700" ind1="1" ind2=" "><subfield code="a">Gravel, Dominique</subfield><subfield code="e">author</subfield><subfield code="u">Département de biologie, Faculté des sciences, Université de Sherbrooke, 2500 Boulevard Université, Sherbrooke J1K 2R1, Canada</subfield></datafield><datafield tag="700" ind1="1" ind2=" "><subfield code="a">Hector, Andy</subfield><subfield code="e">author</subfield><subfield code="u">Department of Plant Sciences, University of Oxford, South Parks Road, Oxford OX1 3RB, UK</subfield></datafield><datafield tag="700" ind1="1" ind2=" "><subfield code="a">Jactel, Hervé</subfield><subfield code="e">author</subfield><subfield code="u">BIOGECO, INRA, Univ. Bordeaux, 33610 Cestas, France</subfield></datafield><datafield tag="700" ind1="1" ind2=" "><subfield code="a">Kreft, Holger</subfield><subfield code="e">author</subfield><subfield code="u">Biodiversity, Macroecology &amp; Biogeography, University of Goettingen, Büsgenweg 1, 37077 Göttingen, Germany</subfield></datafield><datafield tag="700" ind1="1" ind2=" "><subfield code="a">Mereu, Simone</subfield><subfield code="e">author</subfield><subfield code="u">Département de biologie, Faculté des sciences, Université de Sherbrooke, 2500 Boulevard Université, Sherbrooke J1K 2R1, Canada</subfield></datafield><datafield tag="700" ind1="1" ind2=" "><subfield code="a">Messier, Christian</subfield><subfield code="e">author</subfield><subfield code="u">Institute for the Study of Temperate Forests (ISFORT), University of Québec in Outaouais, 58 Rue Principale, Ripon, Québec J0 V 1V0, Canada</subfield></datafield><datafield tag="700" ind1="1" ind2=" "><subfield code="a">Muys, Bart</subfield><subfield code="e">author</subfield><subfield code="u">Division of Forest, Nature and Landscape, University of Leuven, Celestijnenlaan 200e—Box 2411, 3001 Leuven, Belgium</subfield></datafield><datafield tag="700" ind1="1" ind2=" "><subfield code="a">Nock, Charles</subfield><subfield code="e">author</subfield><subfield code="u">Chair of Silviculture, Faculty of Environment and Natural Resources, Freiburg University, Tennenbacherstr. 4, 79108 Freiburg, Germany</subfield></datafield><datafield tag="700" ind1="1" ind2=" "><subfield code="a">Paquette, Alain</subfield><subfield code="e">author</subfield><subfield code="u">Centre for Forest Research, Département des sciences biologiques, Université du Québec à Montréal, Montreal, P.O. Box 8888, Centre-ville Station, H3C 3P8 Quebec, Canada</subfield></datafield><datafield tag="700" ind1="1" ind2=" "><subfield code="a">Parker, John</subfield><subfield code="e">author</subfield><subfield code="u">Smithsonian Environmental Research Center, 647 Contees Wharf Road, Edgewater, MD 21037, USA</subfield></datafield><datafield tag="700" ind1="1" ind2=" "><subfield code="a">Perring, Michael P.</subfield><subfield code="e">author</subfield><subfield code="u">Forest &amp; Nature Lab, Department of Environment, Ghent University, Geraardsbergsesteenweg 267, 9090 Melle-Gontrode, Belgium</subfield></datafield><datafield tag="700" ind1="1" ind2=" "><subfield code="a">Ponette, Quentin</subfield><subfield code="e">author</subfield><subfield code="u">Earth and Life Institute, Catholic University of Louvain, Croix du Sud 2, 1348 Louvain-la-Neuve, Belgium</subfield></datafield><datafield tag="700" ind1="1" ind2=" "><subfield code="a">Reich, Peter B.</subfield><subfield code="e">author</subfield><subfield code="u">Department of Forest Resources, University of Minnesota, Twin Cities, 1530 Cleveland Ave. N., St. Paul, MN 55108, USA</subfield></datafield><datafield tag="700" ind1="1" ind2=" "><subfield code="a">Schuldt, Andreas</subfield><subfield code="e">author</subfield><subfield code="u">Institute of Biology/Geobotany and Botanical Garden, Martin Luther University Halle-Wittenberg, Am Kirchtor 1, 06108 Halle (Saale), Germany</subfield></datafield><datafield tag="700" ind1="1" ind2=" "><subfield code="a">Staab, Michael</subfield><subfield code="e">author</subfield><subfield code="u">Nature Conservation and Landscape Ecology, Faculty of Environment and Natural Resources, University of Freiburg, Tennenbacherstr. 4, 79106 Freiburg, Germany</subfield></datafield><datafield tag="700" ind1="1" ind2=" "><subfield code="a">Weih, Martin</subfield><subfield code="e">author</subfield><subfield code="u">Department of Crop Production Ecology, Swedish University of Agricultural Sciences, Box 7043 750 07, Uppsala, Sweden</subfield></datafield><datafield tag="700" ind1="1" ind2=" "><subfield code="a">Zemp, Delphine Clara</subfield><subfield code="e">author</subfield><subfield code="u">Biodiversity, Macroecology &amp; Biogeography, University of Goettingen, Büsgenweg 1, 37077 Göttingen, Germany</subfield></datafield><datafield tag="700" ind1="1" ind2=" "><subfield code="a">Scherer-Lorenzen, Michael</subfield><subfield code="e">author</subfield><subfield code="u">Geobotany, Faculty of Biology, University of Freiburg, Schänzlestrasse 1, D-79104 Freiburg, Germany</subfield></datafield><datafield tag="700" ind1="1" ind2=" "><subfield code="a">Verheyen, Kris</subfield><subfield code="e">author</subfield><subfield code="u">Forest &amp; Nature Lab, Department of Environment, Ghent University, Geraardsbergsesteenweg 267, 9090 Melle-Gontrode, Belgium</subfield></datafield><datafield tag="773" ind1="0" ind2=" "><subfield code="t">Environmental and experimental botany.</subfield><subfield code="g">2018 Aug., v. 152 p.68-89</subfield><subfield code="d">Elsevier B.V.</subfield><subfield code="a">Elsevier B.V.</subfield><subfield code="w">Journal:jnl7512</subfield><subfield code="x">0098-8472</subfield><subfield code="7">nnas</subfield></datafield><datafield tag="787" ind1="1" ind2=" "><subfield code="o">islandora_article_repository</subfield></datafield><datafield tag="787" ind1="1" ind2=" "><subfield code="o">product_pubag</subfield></datafield><datafield tag="787" ind1="1" ind2=" "><subfield code="o">(Journal)jnl7512</subfield></datafield><datafield tag="856" ind1="4" ind2="0"><subfield code="u">https://dx.doi.org/10.1/j.envexpbot.2017.12.015</subfield><subfield code="3">Available from publisher's site</subfield></datafield><datafield tag="912" ind1=" " ind2=" "><subfield code="a">Article</subfield></datafield><datafield tag="914" ind1=" " ind2=" "><subfield code="a">Journal:jnl7512</subfield><subfield code="b">0098-8472</subfield><subfield code="c">152</subfield><subfield code="e">68</subfield></datafield><datafield tag="914" ind1=" " ind2=" "><subfield code="f">Environmental and experimental botany</subfield></datafield><datafield tag="916" ind1=" " ind2=" "><subfield code="a">Batch:2177</subfield></datafield><datafield tag="917" ind1=" " ind2=" "><subfield code="a">issued</subfield></datafield><datafield tag="918" ind1="2" ind2=" "><subfield code="a">Elsevier Consyn</subfield><subfield code="e">provider</subfield><subfield code="5">DNAL</subfield></datafield><datafield tag="935" ind1=" " ind2=" "><subfield code="a">IND606329366</subfield><subfield code="9">ExL</subfield></datafield><datafield tag="949" ind1=" " ind2=" "><subfield code="a">2019-06-28</subfield></datafield><datafield tag="953" ind1=" " ind2=" "><subfield code="a" >/data/metadata/incoming/consyn/111653757797150-00001-HEAD-ONLY-REVISEDSUBJECTLIST.zip</subfield></datafield><datafield tag="954" ind1=" " ind2=" "><subfield code="a">file:/data/metadata/staging/consyn/S0098847217303428.xml</subfield></datafield><datafield tag="955" ind1=" " ind2=" "><subfield code="a">/data/metadata/staging/consyn/</subfield></datafield><datafield tag="974" ind1=" " ind2=" "><subfield code="a">agid:6329366</subfield></datafield><datafield tag="983" ind1=" " ind2=" "><subfield code="a">2019-06-28</subfield></datafield><datafield tag="984" ind1=" " ind2=" "><subfield code="a">2019-06-28</subfield></datafield></record>