<record><leader>04264nab a2200625 u 4500</leader><controlfield tag="001">9916100769607426</controlfield><controlfield tag="005">20221121133947.0</controlfield><controlfield tag="008">150809e201508 xx |||||o|||||||||||eng||</controlfield><datafield tag="" ind1="7" ind2=" "><subfield code="a">IND603408910</subfield><subfield code="2">DNAL</subfield></datafield><datafield tag="024" ind1="7" ind2=" "><subfield code="a">10.1111/jbi.12540</subfield><subfield code="2">doi</subfield></datafield><datafield tag="035" ind1=" " ind2=" "><subfield code="a">agid:3408910-01nal_inst</subfield></datafield><datafield tag="040" ind1=" " ind2=" "><subfield code="a">AGL</subfield><subfield code="b">eng</subfield><subfield code="c">AGL</subfield></datafield><datafield tag="100" ind1="1" ind2=" "><subfield code="a">Thomas, Evert</subfield><subfield code="e">author</subfield><subfield code="u">Bioversity International, Regional Office for the Americas, Cali, Colombia</subfield></datafield><datafield tag="245" ind1="1" ind2="0"><subfield code="a">Uncovering spatial patterns in the natural and human history of Brazil nut (Bertholletia excelsa) across the Amazon Basin</subfield></datafield><datafield tag="300" ind1=" " ind2=" "><subfield code="a">p. 1367-1382.</subfield></datafield><datafield tag="520" ind1=" " ind2=" "><subfield code="a">AIM: Our goal was to test the hypothesis that ancient humans substantially contributed to shaping the current distribution of Brazil nut (Bertholletia excelsa), an Amazonian tree species that has been important for human livelihoods since pre‐Columbian times. We scrutinized the putative association between Brazil nut and Amazonian Dark Earth soils (ADE) and geometric earthworks called geoglyphs, and examined the existence of continental patterns in human footprints on Brazil nut stands. LOCATION: Amazon Basin. METHODS: We carried out a spatially explicit meta‐analysis of the variation of Brazil nut stand metrics across the Amazon Basin based on 87,617 density estimates and 488 average stand diameter assessments, and related these to previously published datasets and suitability maps of Brazil nut, ADE and geoglyphs. RESULTS: We found consistently higher Brazil nut suitability scores, stand densities and average stand diameters in the vicinities of ADE than at larger distances, regardless of their position along a gradient from south‐western to north‐eastern Amazonia. For geoglyph sites such a pattern was only found for Brazil nut habitat suitability scores. The available data further revealed an accumulation of Brazil nut stands with increasing densities and average diameters from south‐western to central and eastern Amazonia. MAIN CONCLUSIONS: Our findings suggest that the chance of encountering Brazil nut stands bearing the marks of past human influences increases from south‐western to central and eastern Amazonia. In south‐western Amazonia, the regeneration of Brazil nut seems to have been controlled predominantly by natural processes, whereas in central and eastern Amazonia, anthropogenic disturbance has been more important since pre‐Columbian times. However, it remains challenging to disentangle human influences on the distribution and abundance of Brazil nut from existing environmental gradients across the Amazon Basin. In general, the results of this meta‐analysis bode well for the future coexistence of Brazil nut with different forms of contemporary human land use.</subfield></datafield><datafield tag="592" ind1=" " ind2=" "><subfield code="a">Publisher supplied data</subfield></datafield><datafield tag="593" ind1=" " ind2=" "><subfield code="a">PubAg article</subfield></datafield><datafield tag="650" ind1=" " ind2="3"><subfield code="a">Bertholletia excelsa</subfield></datafield><datafield tag="650" ind1=" " ind2="3"><subfield code="a">Brazil nuts</subfield></datafield><datafield tag="650" ind1=" " ind2="3"><subfield code="a">anthropogenic activities</subfield></datafield><datafield tag="650" ind1=" " ind2="3"><subfield code="a">basins</subfield></datafield><datafield tag="650" ind1=" " ind2="3"><subfield code="a">data collection</subfield></datafield><datafield tag="650" ind1=" " ind2="3"><subfield code="a">habitats</subfield></datafield><datafield tag="650" ind1=" " ind2="3"><subfield code="a">humans</subfield></datafield><datafield tag="650" ind1=" " ind2="3"><subfield code="a">land use</subfield></datafield><datafield tag="650" ind1=" " ind2="3"><subfield code="a">livelihood</subfield></datafield><datafield tag="650" ind1=" " ind2="3"><subfield code="a">meta-analysis</subfield></datafield><datafield tag="650" ind1=" " ind2="3"><subfield code="a">soil</subfield></datafield><datafield tag="650" ind1=" " ind2="3"><subfield code="a">trees</subfield></datafield><datafield tag="651" ind1=" " ind2="3"><subfield code="a">Amazonia</subfield></datafield><datafield tag="700" ind1="1" ind2=" "><subfield code="a">Alcázar Caicedo, Carolina</subfield><subfield code="e">author</subfield></datafield><datafield tag="700" ind1="1" ind2=" "><subfield code="a">McMichael, Crystal H.</subfield><subfield code="e">author</subfield></datafield><datafield tag="700" ind1="1" ind2=" "><subfield code="a">Corvera, Ronald</subfield><subfield code="e">author</subfield></datafield><datafield tag="700" ind1="1" ind2=" "><subfield code="a">Loo, Judy</subfield><subfield code="e">author</subfield></datafield><datafield tag="773" ind1="0" ind2=" "><subfield code="t">Journal of biogeography.</subfield><subfield code="g">2015 Aug., v. 42, no. 8 p.1367-1382</subfield><subfield code="d">Blackwell Scientific Publications.</subfield><subfield code="x">0305-0270</subfield><subfield code="7">nnas</subfield></datafield><datafield tag="787" ind1="1" ind2=" "><subfield code="o">islandora_article_repository</subfield></datafield><datafield tag="787" ind1="1" ind2=" "><subfield code="o">product_pubag</subfield></datafield><datafield tag="787" ind1="1" ind2=" "><subfield code="o">(Journal)jnl9765</subfield></datafield><datafield tag="856" ind1="4" ind2="0"><subfield code="u">http://dx.doi.org/10.1111/jbi.12540</subfield><subfield code="3">Available from publisher's site</subfield></datafield><datafield tag="912" ind1=" " ind2=" "><subfield code="a">Article</subfield></datafield><datafield tag="914" ind1=" " ind2=" "><subfield code="a">Journal:jnl9765</subfield><subfield code="b">0305-0270</subfield><subfield code="c">42</subfield><subfield code="d">8</subfield><subfield code="e">1367</subfield></datafield><datafield tag="914" ind1=" " ind2=" "><subfield code="f">Journal of biogeography</subfield></datafield><datafield tag="916" ind1=" " ind2=" "><subfield code="a">Batch:1011</subfield></datafield><datafield tag="917" ind1=" " ind2=" "><subfield code="a">issued</subfield></datafield><datafield tag="918" ind1="2" ind2=" "><subfield code="a">John Wiley &amp; Sons, Inc</subfield><subfield code="e">provider</subfield><subfield code="5">DNAL</subfield></datafield><datafield tag="935" ind1=" " ind2=" "><subfield code="a">IND603408910</subfield><subfield code="9">ExL</subfield></datafield><datafield tag="949" ind1=" " ind2=" "><subfield code="a">2015-08-24</subfield></datafield><datafield tag="953" ind1=" " ind2=" "><subfield code="a">03050270_2015_42_8.xml</subfield></datafield><datafield tag="962" ind1=" " ind2=" "><subfield code="a">Batch:1011 reviewed on 2015-08-24T11:00:02Z</subfield></datafield><datafield tag="962" ind1=" " ind2=" "><subfield code="a">Batch:1011 reviewed on 2015-08-24T16:00:02Z</subfield></datafield><datafield tag="962" ind1=" " ind2=" "><subfield code="a">Batch:1011 reviewed on 2015-08-24T18:00:04Z</subfield></datafield><datafield tag="974" ind1=" " ind2=" "><subfield code="a">agid:3408910</subfield></datafield><datafield tag="983" ind1=" " ind2=" "><subfield code="a">2015-08-09</subfield></datafield><datafield tag="984" ind1=" " ind2=" "><subfield code="a">2015-08-24</subfield></datafield></record>