<record><leader>02933nab a2200505 u 4500</leader><controlfield tag="001">9916100786807426</controlfield><controlfield tag="005">20221121174155.0</controlfield><controlfield tag="008">160418e198012 xx |||||o|||||||||||eng||</controlfield><datafield tag="" ind1="7" ind2=" "><subfield code="a">IND605186697</subfield><subfield code="2">DNAL</subfield></datafield><datafield tag="024" ind1="7" ind2=" "><subfield code="a">10.2307/1939033</subfield><subfield code="2">doi</subfield></datafield><datafield tag="035" ind1=" " ind2=" "><subfield code="a">agid:5186697-01nal_inst</subfield></datafield><datafield tag="040" ind1=" " ind2=" "><subfield code="a">AGL</subfield><subfield code="b">eng</subfield><subfield code="c">AGL</subfield></datafield><datafield tag="100" ind1="1" ind2=" "><subfield code="a">Forman, Richard T. T.</subfield><subfield code="e">author</subfield></datafield><datafield tag="245" ind1="1" ind2="0"><subfield code="a">Spatial Patterns of Trees in a Caribbean Semievergreen Forest</subfield></datafield><datafield tag="300" ind1=" " ind2=" "><subfield code="a">p. 1267-1274.</subfield></datafield><datafield tag="520" ind1=" " ind2=" "><subfield code="a">Spatial patterns of trees &gt;10 cm dbh were studied in a 4—ha forest plot on St. John, United States Virgin Islands, by measuring nearest—neighbor distance for 28 tree species and mapping 5 uncommon species. Tree species diversity was high, with an even distribution of dominance (28 species out of 132 individuals, and H' = 4.37). A clumped distribution pattern with short intertree distances was prevalent. All but five species had average nearest neighbor distances of &lt;25 m and most were &lt;10 m. Indices of dispersion based on variance to mean rations for the 16 most abundant species suggested clumped distributions for 12 of the species, and only one regularly distributed species. Uncommon mapped species were located in distinct clumps of approximately 700—1300 m², also with small average nearest—neighbor distances. The combination of high species diversity with many clumped distribution patterns and low interindividual distances for both common and uncommon species, suggests that mechanisms other than species—specific predators are important in understanding tree diversity differences between temperate and tropical forests. The importance of microhabitats is suggested. Available published evidences indicates a prevalence of clumped and a paucity of regular distribution patterns for tree species in tropical forests.</subfield></datafield><datafield tag="592" ind1=" " ind2=" "><subfield code="a">Publisher supplied data</subfield></datafield><datafield tag="593" ind1=" " ind2=" "><subfield code="a">PubAg article</subfield></datafield><datafield tag="650" ind1=" " ind2="3"><subfield code="a">microhabitats</subfield></datafield><datafield tag="650" ind1=" " ind2="3"><subfield code="a">predators</subfield></datafield><datafield tag="650" ind1=" " ind2="3"><subfield code="a">species diversity</subfield></datafield><datafield tag="650" ind1=" " ind2="3"><subfield code="a">trees</subfield></datafield><datafield tag="650" ind1=" " ind2="3"><subfield code="a">tropical forests</subfield></datafield><datafield tag="650" ind1=" " ind2="3"><subfield code="a">variance</subfield></datafield><datafield tag="651" ind1=" " ind2="3"><subfield code="a">Caribbean</subfield></datafield><datafield tag="651" ind1=" " ind2="3"><subfield code="a">Virgin Islands of the United States</subfield></datafield><datafield tag="700" ind1="1" ind2=" "><subfield code="a">Hahn, D. Caldwell</subfield><subfield code="e">author</subfield></datafield><datafield tag="773" ind1="0" ind2=" "><subfield code="t">Ecology.</subfield><subfield code="g">1980 Dec., v. 61, no. 6 p.1267-1274</subfield><subfield code="d">Ecological Society of America</subfield><subfield code="x">0012-9658</subfield><subfield code="7">nnas</subfield></datafield><datafield tag="787" ind1="1" ind2=" "><subfield code="o">islandora_article_repository</subfield></datafield><datafield tag="787" ind1="1" ind2=" "><subfield code="o">product_pubag</subfield></datafield><datafield tag="787" ind1="1" ind2=" "><subfield code="o">(Journal)jnl46164</subfield></datafield><datafield tag="856" ind1="4" ind2="0"><subfield code="u">http://dx.doi.org/10.2307/1939033</subfield><subfield code="3">Available from publisher's site</subfield></datafield><datafield tag="912" ind1=" " ind2=" "><subfield code="a">Article</subfield></datafield><datafield tag="914" ind1=" " ind2=" "><subfield code="a">Journal:jnl46164</subfield><subfield code="b">0012-9658</subfield><subfield code="c">61</subfield><subfield code="d">6</subfield><subfield code="e">1267</subfield></datafield><datafield tag="914" ind1=" " ind2=" "><subfield code="f">Ecology</subfield></datafield><datafield tag="916" ind1=" " ind2=" "><subfield code="a">Batch:1355</subfield></datafield><datafield tag="917" ind1=" " ind2=" "><subfield code="a">issued</subfield></datafield><datafield tag="918" ind1="2" ind2=" "><subfield code="a">John Wiley &amp; Sons, Inc</subfield><subfield code="e">provider</subfield><subfield code="5">DNAL</subfield></datafield><datafield tag="935" ind1=" " ind2=" "><subfield code="a">IND605186697</subfield><subfield code="9">ExL</subfield></datafield><datafield tag="949" ind1=" " ind2=" "><subfield code="a">2-07-06</subfield></datafield><datafield tag="953" ind1=" " ind2=" "><subfield code="a">00129658_1980_61_6.xml</subfield></datafield><datafield tag="962" ind1=" " ind2=" "><subfield code="a">Batch:1355 reviewed on 2-07-06T15:00:02Z</subfield></datafield><datafield tag="974" ind1=" " ind2=" "><subfield code="a">agid:5186697</subfield></datafield><datafield tag="983" ind1=" " ind2=" "><subfield code="a">2-04-18</subfield></datafield><datafield tag="984" ind1=" " ind2=" "><subfield code="a">2-07-06</subfield></datafield></record>