<record><leader>03757nab a2200637 u 4500</leader><controlfield tag="001">9916100881207426</controlfield><controlfield tag="005">20221122121457.0</controlfield><controlfield tag="008">211213e202112 xx |||||o|||||||||||eng||</controlfield><datafield tag="" ind1="7" ind2=" "><subfield code="a">IND607556915</subfield><subfield code="2">DNAL</subfield></datafield><datafield tag="024" ind1="7" ind2=" "><subfield code="a">10.1/j.apgeog.2021.102599</subfield><subfield code="2">doi</subfield></datafield><datafield tag="035" ind1=" " ind2=" "><subfield code="a">agid:7556915-01nal_inst</subfield></datafield><datafield tag="040" ind1=" " ind2=" "><subfield code="a">AGL</subfield><subfield code="b">eng</subfield><subfield code="c">AGL</subfield></datafield><datafield tag="100" ind1="1" ind2=" "><subfield code="a">Hernández-Moreno, Ángela</subfield><subfield code="e">author</subfield><subfield code="u">Centro de Investigación en Ecosistemas de la Patagonia (CIEP), Coyhaique, Chile</subfield></datafield><datafield tag="245" ind1="1" ind2="0"><subfield code="a">Relationship between anthropization and spatial patterns in two contrasting landscapes of Chile</subfield></datafield><datafield tag="520" ind1=" " ind2=" "><subfield code="a">We evaluated the anthropization dynamics and its relationship on landscape spatial patterns (LSPs) in two contrasting Chilean landscapes (Ñuble and Coyhaique) over the last four decades. Using remote sensing data, we built an anthropization index (AI) derived from land use and land cover (LULC) maps, and it was evaluated between the landforms of the landscapes. The AI was compared between the two study areas with landscape metrics using generalized linear mixed effect models (GLMMs). The results showed that the mean AI for Ñuble landscape was higher (AI = 0.53) than Coyhaique landscape (AI = 0.25). In Ñuble, the Andean Range presented the highest rate of change in AI (31%), while in Coyhaique the Steppe showed the highest change rate (5%). It was evidenced that urban expansion, agricultural, and tree plantation were the main land uses that led to an AI's increase in both landscapes. The relationship between AI with the landscape metrics were oppositely related in each landscape. For example, the patch density and edge density metrics showed a positive relationship in Coyhaique, while in Ñuble was negative. The proposed AI may be considered as a useful tool to deal with anthropization processes at larger spatial scales to improve landscape governance.</subfield></datafield><datafield tag="592" ind1=" " ind2=" "><subfield code="a">Publisher supplied data</subfield></datafield><datafield tag="593" ind1=" " ind2=" "><subfield code="a">PubAg article</subfield></datafield><datafield tag="650" ind1=" " ind2="3"><subfield code="a">geography</subfield></datafield><datafield tag="650" ind1=" " ind2="3"><subfield code="a">governance</subfield></datafield><datafield tag="650" ind1=" " ind2="3"><subfield code="a">land use and land cover maps</subfield></datafield><datafield tag="650" ind1=" " ind2="3"><subfield code="a">landforms</subfield></datafield><datafield tag="650" ind1=" " ind2="3"><subfield code="a">landscapes</subfield></datafield><datafield tag="650" ind1=" " ind2="3"><subfield code="a">plantations</subfield></datafield><datafield tag="650" ind1=" " ind2="3"><subfield code="a">steppes</subfield></datafield><datafield tag="650" ind1=" " ind2="3"><subfield code="a">urbanization</subfield></datafield><datafield tag="651" ind1=" " ind2="3"><subfield code="a">Andes region</subfield></datafield><datafield tag="651" ind1=" " ind2="3"><subfield code="a">Chile</subfield></datafield><datafield tag="653" ind1=" " ind2="0"><subfield code="a">Landscape metrics</subfield></datafield><datafield tag="653" ind1=" " ind2="0"><subfield code="a">Patagonia</subfield></datafield><datafield tag="653" ind1=" " ind2="0"><subfield code="a">GLMM</subfield></datafield><datafield tag="653" ind1=" " ind2="0"><subfield code="a">Land use change</subfield></datafield><datafield tag="653" ind1=" " ind2="0"><subfield code="a">Temperate forest</subfield></datafield><datafield tag="653" ind1=" " ind2="0"><subfield code="a">Human pressure</subfield></datafield><datafield tag="700" ind1="1" ind2=" "><subfield code="a">Echeverría, Cristian</subfield><subfield code="e">author</subfield><subfield code="u">Laboratorio de Ecología de Paisaje, Facultad de Ciencias Forestales, Universidad de Concepción, Concepción, Chile</subfield></datafield><datafield tag="700" ind1="1" ind2=" "><subfield code="a">Sotomayor, Benjamín</subfield><subfield code="e">author</subfield><subfield code="u">Centro de Investigación en Ecosistemas de la Patagonia (CIEP), Coyhaique, Chile</subfield></datafield><datafield tag="700" ind1="1" ind2=" "><subfield code="a">Soto, Daniel P.</subfield><subfield code="e">author</subfield><subfield code="u">Departamento de Ciencias Naturales y Tecnología, Universidad de Aysén, Coyhaique, Chile</subfield></datafield><datafield tag="773" ind1="0" ind2=" "><subfield code="t">Applied geography.</subfield><subfield code="g">2021 Dec., v. 137 p.102599-</subfield><subfield code="d">Elsevier Ltd</subfield><subfield code="w">Journal:11785</subfield><subfield code="x">0143-6228</subfield><subfield code="7">nnas</subfield></datafield><datafield tag="787" ind1="1" ind2=" "><subfield code="o">islandora_article_repository</subfield></datafield><datafield tag="787" ind1="1" ind2=" "><subfield code="o">product_pubag</subfield></datafield><datafield tag="787" ind1="1" ind2=" "><subfield code="o">(Journal)11785</subfield></datafield><datafield tag="856" ind1="4" ind2="0"><subfield code="u">https://dx.doi.org/10.1/j.apgeog.2021.102599</subfield><subfield code="3">Available from publisher's site</subfield></datafield><datafield tag="912" ind1=" " ind2=" "><subfield code="a">Article</subfield></datafield><datafield tag="914" ind1=" " ind2=" "><subfield code="a">Journal:11785</subfield><subfield code="b">0143-6228</subfield><subfield code="c">137</subfield><subfield code="e">102599</subfield></datafield><datafield tag="914" ind1=" " ind2=" "><subfield code="f">Applied geography</subfield></datafield><datafield tag="916" ind1=" " ind2=" "><subfield code="a">Batch:10210</subfield></datafield><datafield tag="917" ind1=" " ind2=" "><subfield code="a">issued</subfield></datafield><datafield tag="918" ind1="2" ind2=" "><subfield code="a">Elsevier Consyn</subfield><subfield code="e">provider</subfield><subfield code="5">DNAL</subfield></datafield><datafield tag="935" ind1=" " ind2=" "><subfield code="a">IND607556915</subfield><subfield code="9">ExL</subfield></datafield><datafield tag="949" ind1=" " ind2=" "><subfield code="a">2022-02-23</subfield></datafield><datafield tag="952" ind1=" " ind2=" "><subfield code="d">NAL-AP-2-clean</subfield></datafield><datafield tag="953" ind1=" " ind2=" "><subfield code="a" >/data/metadata/incoming/consyn/116040848085862947-00001-HEAD-ONLY-REVISEDSUBJECTLIST.zip</subfield></datafield><datafield tag="954" ind1=" " ind2=" "><subfield code="a">file:/data/metadata/staging/consyn/S0143622821002150.xml</subfield></datafield><datafield tag="955" ind1=" " ind2=" "><subfield code="a">/data/metadata/staging/consyn/</subfield></datafield><datafield tag="974" ind1=" " ind2=" "><subfield code="a">agid:7556915</subfield></datafield><datafield tag="983" ind1=" " ind2=" "><subfield code="a">2021-12-13</subfield></datafield><datafield tag="984" ind1=" " ind2=" "><subfield code="a">2022-02-19</subfield></datafield></record>