<record><leader>02738nab a2200505 u 4500</leader><controlfield tag="001">9916101011207426</controlfield><controlfield tag="005">20221120041813.0</controlfield><controlfield tag="008">010924e20001107enk|||||o|||||||||||eng||</controlfield><datafield tag="" ind1="7" ind2=" "><subfield code="a">IND23232345</subfield><subfield code="2">DNAL</subfield></datafield><datafield tag="024" ind1="7" ind2=" "><subfield code="a">11027481</subfield><subfield code="2">pmid</subfield></datafield><datafield tag="035" ind1=" " ind2=" "><subfield code="a">agid:3636573-01nal_inst</subfield></datafield><datafield tag="040" ind1=" " ind2=" "><subfield code="a">AGL</subfield><subfield code="b">eng</subfield><subfield code="c">AGL</subfield></datafield><datafield tag="100" ind1="1" ind2=" "><subfield code="a">Plotkin, J.B.</subfield></datafield><datafield tag="245" ind1="1" ind2="0"><subfield code="a">Species-area curves, spatial aggregation, and habitat specialization in tropical forests</subfield></datafield><datafield tag="300" ind1=" " ind2=" "><subfield code="a">p. 81-99.</subfield></datafield><datafield tag="520" ind1=" " ind2=" "><subfield code="a">The relationship between species diversity and sampled area is fundamental to ecology. Traditionally, theories of the species-area relationship have been dominated by random-placement models. Such models were used to formulate the canonical theory of species-area curves and species abundances. In this paper, however, armed with a detailed data set from a moist tropical forest, we investigate the validity of random placement and suggest improved models based upon spatial aggregation By accounting for intraspecific, small-scale aggregation, we develop a cluster model which reproduces empirical species-area curves with high fidelity. We find that inter-specific aggregation patterns, on the other hand, do not affect the species-area curves significantly. We demonstrate that the tendency for a tree species to aggregate, as well as its average clump size, is not significantly correlated with the species' abundance. In addition, we investigate hierarchical clumping and the extent to which aggregation is driven by topography. We conclude that small-scale phenomena such as dispersal and gap recruitment determine individual tree placement more than adaptation to larger-scale topography.</subfield></datafield><datafield tag="650" ind1=" " ind2="3"><subfield code="a">Biological Sciences</subfield></datafield><datafield tag="650" ind1=" " ind2="2"><subfield code="a">Ecology</subfield></datafield><datafield tag="650" ind1=" " ind2="2"><subfield code="a">Models, Biological</subfield></datafield><datafield tag="650" ind1=" " ind2="2"><subfield code="a">Population Dynamics</subfield></datafield><datafield tag="650" ind1=" " ind2="2"><subfield code="a">Species Specificity</subfield></datafield><datafield tag="650" ind1=" " ind2="2"><subfield code="a">Trees</subfield></datafield><datafield tag="650" ind1=" " ind2="2"><subfield code="a">Tropical Climate</subfield></datafield><datafield tag="700" ind1="1" ind2=" "><subfield code="a">Potts, M.D.</subfield></datafield><datafield tag="700" ind1="1" ind2=" "><subfield code="a">Leslie, N.</subfield></datafield><datafield tag="700" ind1="1" ind2=" "><subfield code="a">Manokaran, N.</subfield></datafield><datafield tag="700" ind1="1" ind2=" "><subfield code="a">LaFrankie, J.</subfield></datafield><datafield tag="700" ind1="1" ind2=" "><subfield code="a">Ashton, P.S.</subfield></datafield><datafield tag="773" ind1="0" ind2=" "><subfield code="t">Journal of theoretical biology.</subfield><subfield code="g">2000 Nov. 7, v. 207, no. 1 p.81-99</subfield><subfield code="x">0022-5193</subfield><subfield code="7">nnas</subfield></datafield><datafield tag="787" ind1="1" ind2=" "><subfield code="o">islandora_article_repository</subfield></datafield><datafield tag="787" ind1="1" ind2=" "><subfield code="o">(Journal)jnl46287</subfield></datafield><datafield tag="852" ind1=" " ind2=" "><subfield code="a">DNAL</subfield></datafield><datafield tag="912" ind1=" " ind2=" "><subfield code="a">Article</subfield></datafield><datafield tag="914" ind1=" " ind2=" "><subfield code="a">Journal:jnl46287</subfield></datafield><datafield tag="914" ind1=" " ind2=" "><subfield code="f">J. theor. biol</subfield></datafield><datafield tag="917" ind1=" " ind2=" "><subfield code="a">reindex</subfield></datafield><datafield tag="930" ind1=" " ind2=" "><subfield code="a">20011202</subfield><subfield code="b">20011206</subfield><subfield code="c">00000000</subfield></datafield><datafield tag="935" ind1=" " ind2=" "><subfield code="a">IND23232345</subfield><subfield code="9">ExL</subfield></datafield><datafield tag="945" ind1=" " ind2=" "><subfield code="a">IND</subfield><subfield code="d">GHK</subfield></datafield><datafield tag="946" ind1=" " ind2=" "><subfield code="a">Non-US</subfield></datafield><datafield tag="952" ind1=" " ind2=" "><subfield code="a">20011202 20011206 00000000</subfield><subfield code="b">IND GHK </subfield><subfield code="c">NALT auto-assigned from category codes</subfield></datafield><datafield tag="974" ind1=" " ind2=" "><subfield code="a">agid:3636573</subfield></datafield><datafield tag="984" ind1=" " ind2=" "><subfield code="a">2014-12-22</subfield></datafield><datafield tag="985" ind1=" " ind2=" "><subfield code="a">Converted from MARCXML to MODS version 3.4 using MARC21slim2MODS3-4.xsl (Revision 1.95 2014/04/23)</subfield></datafield><datafield tag="986" ind1=" " ind2=" "><subfield code="a">3499776</subfield></datafield></record>