<record><leader>02769nab a2200529 u 4500</leader><controlfield tag="001">9916101046507426</controlfield><controlfield tag="005">20221120073350.0</controlfield><controlfield tag="008">130415e200112 xx |||||o|||||||||||eng||</controlfield><datafield tag="" ind1="7" ind2=" "><subfield code="a">IND500650441</subfield><subfield code="2">DNAL</subfield></datafield><datafield tag="024" ind1="7" ind2=" "><subfield code="a">10.2307/3236861</subfield><subfield code="2">doi</subfield></datafield><datafield tag="035" ind1=" " ind2=" "><subfield code="a">agid:136339-01nal_inst</subfield></datafield><datafield tag="040" ind1=" " ind2=" "><subfield code="a">AGL</subfield><subfield code="b">eng</subfield><subfield code="c">AGL</subfield></datafield><datafield tag="100" ind1="1" ind2=" "><subfield code="a">Malanson, George P.</subfield><subfield code="e">author</subfield><subfield code="u"> Department of Geography, University of Iowa, Iowa City, IA 52242, USA</subfield></datafield><datafield tag="245" ind1="1" ind2="2"><subfield code="a">A simulation test of the resource‐averaging hypothesis of ecotone formation</subfield></datafield><datafield tag="300" ind1=" " ind2=" "><subfield code="a">p. 743-748.</subfield></datafield><datafield tag="520" ind1=" " ind2=" "><subfield code="a">The pattern at an ecotone may indicate the processes that created that ecotone. Such patterns may in turn affect the responses of ecotones to environmental change. The resource averaging hypothesis suggests a process for the development of tree lines that should produce patterns that are modifications of patterns in soil resources. A computer simulation model that embodies the resource averaging hypothesis is used to generate tree‐line patterns. Different spatial patterns in the variation of soil resources are represented in the model. The patterns of tree line computed by the simulation closely correspond to the patterns of soil resources that were input. These patterns are compared to patterns recorded in the field and by aerial photography. For the patterns of soil resources observed at some alpine tree lines, the model cannot produce the kinds of patterns of vegetation observed. Resource averaging alone cannot be an explanation of such tree lines.</subfield></datafield><datafield tag="592" ind1=" " ind2=" "><subfield code="a">Publisher supplied data</subfield></datafield><datafield tag="593" ind1=" " ind2=" "><subfield code="a">PubAg article</subfield></datafield><datafield tag="650" ind1=" " ind2="3"><subfield code="a">aerial photography</subfield></datafield><datafield tag="650" ind1=" " ind2="3"><subfield code="a">computer simulation</subfield></datafield><datafield tag="650" ind1=" " ind2="3"><subfield code="a">ecotones</subfield></datafield><datafield tag="650" ind1=" " ind2="3"><subfield code="a">simulation models</subfield></datafield><datafield tag="650" ind1=" " ind2="3"><subfield code="a">soil resources</subfield></datafield><datafield tag="650" ind1=" " ind2="3"><subfield code="a">treeline</subfield></datafield><datafield tag="700" ind1="1" ind2=" "><subfield code="a">Xiao, Ningchuan</subfield><subfield code="e">author</subfield></datafield><datafield tag="700" ind1="1" ind2=" "><subfield code="a">Alftine, Kathryn J.</subfield><subfield code="e">author</subfield></datafield><datafield tag="773" ind1="0" ind2=" "><subfield code="t">Journal of vegetation science.</subfield><subfield code="g">2001 Dec., v. 12, no. 6 p.743-748</subfield><subfield code="d">Blackwell Publishing Ltd</subfield><subfield code="w">Journal:jnl46820</subfield><subfield code="x">1100-9233</subfield><subfield code="7">nnas</subfield></datafield><datafield tag="787" ind1="1" ind2=" "><subfield code="o">islandora_article_repository</subfield></datafield><datafield tag="787" ind1="1" ind2=" "><subfield code="o">product_pubag</subfield></datafield><datafield tag="787" ind1="1" ind2=" "><subfield code="o">(Journal)jnl46820</subfield></datafield><datafield tag="856" ind1="4" ind2="0"><subfield code="u">http://dx.doi.org/10.2307/3236861</subfield></datafield><datafield tag="912" ind1=" " ind2=" "><subfield code="a">Article</subfield></datafield><datafield tag="914" ind1=" " ind2=" "><subfield code="a">Journal:jnl46820</subfield><subfield code="b">1100-9233</subfield><subfield code="c">12</subfield><subfield code="d">6</subfield><subfield code="e">743</subfield></datafield><datafield tag="914" ind1=" " ind2=" "><subfield code="f">Journal of vegetation science</subfield></datafield><datafield tag="916" ind1=" " ind2=" "><subfield code="a">Batch:663</subfield></datafield><datafield tag="917" ind1=" " ind2=" "><subfield code="a">issued</subfield></datafield><datafield tag="918" ind1="2" ind2=" "><subfield code="a">John Wiley &amp; Sons, Inc</subfield><subfield code="e">provider</subfield><subfield code="5">DNAL</subfield></datafield><datafield tag="935" ind1=" " ind2=" "><subfield code="a">IND500650441</subfield><subfield code="9">ExL</subfield></datafield><datafield tag="949" ind1=" " ind2=" "><subfield code="a">2014-10-09</subfield></datafield><datafield tag="951" ind1=" " ind2=" "><subfield code="a">2013-04-15</subfield></datafield><datafield tag="953" ind1=" " ind2=" "><subfield code="a">11009233_2001_12_6.xml</subfield></datafield><datafield tag="962" ind1=" " ind2=" "><subfield code="a">Batch:663 annotated on 2014-09-16T12:27:54Z</subfield></datafield><datafield tag="962" ind1=" " ind2=" "><subfield code="a">Batch:663 reviewed on 2014-10-08T16:00:02Z</subfield></datafield><datafield tag="962" ind1=" " ind2=" "><subfield code="a">Batch:663 reviewed on 2014-10-09T04:00:02Z</subfield></datafield><datafield tag="974" ind1=" " ind2=" "><subfield code="a">agid:136339</subfield></datafield><datafield tag="983" ind1=" " ind2=" "><subfield code="a">2013-04-15</subfield></datafield><datafield tag="984" ind1=" " ind2=" "><subfield code="a">2018-06-25</subfield></datafield></record>