<record><leader>04220nab a2200613 u 4500</leader><controlfield tag="001">9916101316207426</controlfield><controlfield tag="005">20221121033737.0</controlfield><controlfield tag="008">150809e201507 xx |||||o|||||||||||eng||</controlfield><datafield tag="" ind1="7" ind2=" "><subfield code="a">IND603408902</subfield><subfield code="2">DNAL</subfield></datafield><datafield tag="024" ind1="7" ind2=" "><subfield code="a">10.1111/jbi.12505</subfield><subfield code="2">doi</subfield></datafield><datafield tag="035" ind1=" " ind2=" "><subfield code="a">agid:3408902-01nal_inst</subfield></datafield><datafield tag="040" ind1=" " ind2=" "><subfield code="a">AGL</subfield><subfield code="b">eng</subfield><subfield code="c">AGL</subfield></datafield><datafield tag="100" ind1="1" ind2=" "><subfield code="a">Hattab, Tarek</subfield><subfield code="e">author</subfield><subfield code="u">UR 03AGRO1 Ecosystèmes et Ressources Aquatiques, Institut National Agronomique de Tunisie, 1082, Tunis, Tunisia; UMR 6539 Laboratoire des Sciences de l'Environnement Marin (CNRS‐UBO‐IRD‐IFREMER), Pointe du Diable, Technopole Brest‐Iroise, 29280, Plouzané, France</subfield></datafield><datafield tag="245" ind1="1" ind2="2"><subfield code="a">A biogeographical regionalization of coastal Mediterranean fishes</subfield></datafield><datafield tag="300" ind1=" " ind2=" "><subfield code="a">p. 1336-1348.</subfield></datafield><datafield tag="520" ind1=" " ind2=" "><subfield code="a">AIM: To delineate the biogeographical regions of the continental shelf of the Mediterranean Sea based on the spatial distributions of coastal marine fishes and their evolutionary relationships, with a view to furthering our capacity to answer basic and applied biogeographical, ecological and evolutionary questions. LOCATION: Mediterranean Sea. METHODS: We used a dataset summarizing the occurrences of 203 coastal Mediterranean fishes (0.1° resolution grid system) and a molecular phylogenetic tree to quantify both compositional and phylogenetic dissimilarity (or beta diversity) between cells. We then applied multivariate analyses to delineate biogeographical regions and to evaluate how they related to broad‐scale environmental gradients. We also assessed the differences between the biogeographical regions identified using phylogenetic beta diversity versus those obtained using compositional beta diversity. RESULTS: The bioregionalization schemes based on phylogenetic and compositional beta diversity identified broadly similar regions, each consisting of six distinct pools of coastal fishes. Clear separations between northern and southern regions were observed, as well as a disjunct between inshore and offshore areas. These beta diversity patterns were mainly related to a north–south gradient in sea‐surface temperature and bathymetric constraints. MAIN CONCLUSIONS: Incorporating phylogenetic information into the measurement of beta diversity did not offer further insights to the bioregionalization scheme based solely on compositional beta diversity. This suggests that evolutionary and historical processes played only a minor role in shaping the contemporary patterns of beta diversity in the Mediterranean coastal fish fauna. However, our results support the view that contemporary environmental conditions play a major role in determining the distribution of these species.</subfield></datafield><datafield tag="592" ind1=" " ind2=" "><subfield code="a">Publisher supplied data</subfield></datafield><datafield tag="593" ind1=" " ind2=" "><subfield code="a">PubAg article</subfield></datafield><datafield tag="650" ind1=" " ind2="3"><subfield code="a">biogeography</subfield></datafield><datafield tag="650" ind1=" " ind2="3"><subfield code="a">continental shelf</subfield></datafield><datafield tag="650" ind1=" " ind2="3"><subfield code="a">data collection</subfield></datafield><datafield tag="650" ind1=" " ind2="3"><subfield code="a">environmental factors</subfield></datafield><datafield tag="650" ind1=" " ind2="3"><subfield code="a">fauna</subfield></datafield><datafield tag="650" ind1=" " ind2="3"><subfield code="a">marine fish</subfield></datafield><datafield tag="650" ind1=" " ind2="3"><subfield code="a">multivariate analysis</subfield></datafield><datafield tag="650" ind1=" " ind2="3"><subfield code="a">phylogeny</subfield></datafield><datafield tag="650" ind1=" " ind2="3"><subfield code="a">species diversity</subfield></datafield><datafield tag="650" ind1=" " ind2="3"><subfield code="a">surface water temperature</subfield></datafield><datafield tag="651" ind1=" " ind2="3"><subfield code="a">Mediterranean Sea</subfield></datafield><datafield tag="700" ind1="1" ind2=" "><subfield code="a">Albouy, Camille</subfield><subfield code="e">author</subfield></datafield><datafield tag="700" ind1="1" ind2=" "><subfield code="a">Ben Rais Lasram, Frida</subfield><subfield code="e">author</subfield></datafield><datafield tag="700" ind1="1" ind2=" "><subfield code="a">Le Loc'h, François</subfield><subfield code="e">author</subfield></datafield><datafield tag="700" ind1="1" ind2=" "><subfield code="a">Guilhaumon, François</subfield><subfield code="e">author</subfield></datafield><datafield tag="700" ind1="1" ind2=" "><subfield code="a">Leprieur, Fabien</subfield><subfield code="e">author</subfield></datafield><datafield tag="773" ind1="0" ind2=" "><subfield code="t">Journal of biogeography.</subfield><subfield code="g">2015 July, v. 42, no. 7 p.1336-1348</subfield><subfield code="d">Blackwell Scientific Publications.</subfield><subfield code="x">0305-0270</subfield><subfield code="7">nnas</subfield></datafield><datafield tag="787" ind1="1" ind2=" "><subfield code="o">islandora_article_repository</subfield></datafield><datafield tag="787" ind1="1" ind2=" "><subfield code="o">product_pubag</subfield></datafield><datafield tag="787" ind1="1" ind2=" "><subfield code="o">(Journal)jnl9765</subfield></datafield><datafield tag="856" ind1="4" ind2="0"><subfield code="u">http://dx.doi.org/10.1111/jbi.12505</subfield><subfield code="3">Available from publisher's site</subfield></datafield><datafield tag="912" ind1=" " ind2=" "><subfield code="a">Article</subfield></datafield><datafield tag="914" ind1=" " ind2=" "><subfield code="a">Journal:jnl9765</subfield><subfield code="b">0305-0270</subfield><subfield code="c">42</subfield><subfield code="d">7</subfield><subfield code="e">1336</subfield></datafield><datafield tag="914" ind1=" " ind2=" "><subfield code="f">Journal of biogeography</subfield></datafield><datafield tag="916" ind1=" " ind2=" "><subfield code="a">Batch:1011</subfield></datafield><datafield tag="917" ind1=" " ind2=" "><subfield code="a">issued</subfield></datafield><datafield tag="918" ind1="2" ind2=" "><subfield code="a">John Wiley &amp; Sons, Inc</subfield><subfield code="e">provider</subfield><subfield code="5">DNAL</subfield></datafield><datafield tag="935" ind1=" " ind2=" "><subfield code="a">IND603408902</subfield><subfield code="9">ExL</subfield></datafield><datafield tag="949" ind1=" " ind2=" "><subfield code="a">2015-08-24</subfield></datafield><datafield tag="953" ind1=" " ind2=" "><subfield code="a">03050270_2015_42_7.xml</subfield></datafield><datafield tag="962" ind1=" " ind2=" "><subfield code="a">Batch:1011 reviewed on 2015-08-24T11:00:02Z</subfield></datafield><datafield tag="962" ind1=" " ind2=" "><subfield code="a">Batch:1011 reviewed on 2015-08-24T16:00:02Z</subfield></datafield><datafield tag="962" ind1=" " ind2=" "><subfield code="a">Batch:1011 reviewed on 2015-08-24T18:00:04Z</subfield></datafield><datafield tag="974" ind1=" " ind2=" "><subfield code="a">agid:3408902</subfield></datafield><datafield tag="983" ind1=" " ind2=" "><subfield code="a">2015-08-09</subfield></datafield><datafield tag="984" ind1=" " ind2=" "><subfield code="a">2015-08-24</subfield></datafield></record>