<record><leader>03301nab a2200649 u 4500</leader><controlfield tag="001">9916187707426</controlfield><controlfield tag="005">20221122030537.0</controlfield><controlfield tag="008">930209e199203 xx |||||o|||||||||||eng||</controlfield><datafield tag="" ind1="7" ind2=" "><subfield code="a">IND93008395</subfield><subfield code="2">DNAL</subfield></datafield><datafield tag="035" ind1=" " ind2=" "><subfield code="a">agid:1634027-01nal_inst</subfield></datafield><datafield tag="040" ind1=" " ind2=" "><subfield code="a">AGL</subfield><subfield code="b">eng</subfield><subfield code="c">AGL</subfield></datafield><datafield tag="100" ind1="1" ind2=" "><subfield code="a">McDaniel, P.A.</subfield></datafield><datafield tag="245" ind1="1" ind2="0"><subfield code="a">Organic carbon distributions in shallow soils of pinyon-juniper woodlands</subfield></datafield><datafield tag="300" ind1=" " ind2=" "><subfield code="a">p. 499-504.</subfield></datafield><datafield tag="500" ind1=" " ind2=" "><subfield code="a">2019-12-04</subfield></datafield><datafield tag="520" ind1=" " ind2=" "><subfield code="a">Properties of soils associated with pinyon (Pinus edulis Engelm.)-juniper (Juniperus spp.) communities of the western USA reflect a mosaic of canopy and interspace environments. This study was initiated to examine the influence of these contrasting environments on organic carbon (OC) distributions and associated soil properties of shallow soils in a pinyon-juniper woodland of east-central Utah. The mosaic of interspace and canopy environments results in a complex of soils with two distinct OC distribution patterns. In both interspace and canopy soils, color values and root distributions are related to measured OC. Tree roots are concentrated just above the lithic contact in transitional R/A and Cr/A horizons in all soils. Decay or this root material represents the dominant organic-matter input to interspace soils, which are essentially devoid of vegetation and lack O horizons. As a result, OC increases with depth and the highest OC contents and darkest soil colors are found in R/A and Cr/A horizons of these soils. Canopy soils also have relatively high OC contents just above lithic contacts but contain maximum OC and darkest soil colors in Al horizons underlying litter layers. All soils exhibit increases or irregular decreases in OC with depth and have similar distribution patterns for total N and NaHCO3-extractable P. The OC distribution patterns result in inappropriate classification of some of these shallow upland soils as Fluvents according to the U.S. soil taxonomy.</subfield></datafield><datafield tag="650" ind1=" " ind2="3"><subfield code="a">spatial distribution</subfield></datafield><datafield tag="650" ind1=" " ind2="3"><subfield code="a">soil depth</subfield></datafield><datafield tag="650" ind1=" " ind2="3"><subfield code="a">carbon</subfield></datafield><datafield tag="650" ind1=" " ind2="3"><subfield code="a">phosphorus</subfield></datafield><datafield tag="650" ind1=" " ind2="3"><subfield code="a">soil color</subfield></datafield><datafield tag="650" ind1=" " ind2="3"><subfield code="a">roots</subfield></datafield><datafield tag="650" ind1=" " ind2="3"><subfield code="a">A horizons</subfield></datafield><datafield tag="650" ind1=" " ind2="3"><subfield code="a">soil heterogeneity</subfield></datafield><datafield tag="650" ind1=" " ind2="3"><subfield code="a">Juniperus</subfield></datafield><datafield tag="650" ind1=" " ind2="3"><subfield code="a">woodlands</subfield></datafield><datafield tag="650" ind1=" " ind2="3"><subfield code="a">sampling</subfield></datafield><datafield tag="650" ind1=" " ind2="3"><subfield code="a">soil taxonomy</subfield></datafield><datafield tag="650" ind1=" " ind2="3"><subfield code="a">soil organic matter</subfield></datafield><datafield tag="650" ind1=" " ind2="3"><subfield code="a">deterioration</subfield></datafield><datafield tag="650" ind1=" " ind2="3"><subfield code="a">spatial variation</subfield></datafield><datafield tag="650" ind1=" " ind2="3"><subfield code="a">woodland soils</subfield></datafield><datafield tag="650" ind1=" " ind2="3"><subfield code="a">canopy</subfield></datafield><datafield tag="650" ind1=" " ind2="3"><subfield code="a">nitrogen</subfield></datafield><datafield tag="650" ind1=" " ind2="3"><subfield code="a">organic horizons</subfield></datafield><datafield tag="650" ind1=" " ind2="3"><subfield code="a">Pinus edulis</subfield></datafield><datafield tag="651" ind1=" " ind2="3"><subfield code="a">Utah</subfield></datafield><datafield tag="653" ind1=" " ind2="0"><subfield code="a">interspace soils</subfield></datafield><datafield tag="653" ind1=" " ind2="0"><subfield code="a">canopy soils</subfield></datafield><datafield tag="653" ind1=" " ind2="0"><subfield code="a">vegetation</subfield></datafield><datafield tag="700" ind1="1" ind2=" "><subfield code="a">Graham, R.C.</subfield></datafield><datafield tag="773" ind1="0" ind2=" "><subfield code="t">Soil Science Society of America journal.</subfield><subfield code="g">1992 , v. 56, no. 2 p.499-504</subfield><subfield code="x">0361-5995</subfield><subfield code="7">nnas</subfield></datafield><datafield tag="787" ind1="1" ind2=" "><subfield code="o">islandora_article_repository</subfield></datafield><datafield tag="787" ind1="1" ind2=" "><subfield code="o">(Journal)jnl44580</subfield></datafield><datafield tag="852" ind1=" " ind2=" "><subfield code="a">DNAL</subfield></datafield><datafield tag="912" ind1=" " ind2=" "><subfield code="a">Article</subfield></datafield><datafield tag="914" ind1=" " ind2=" "><subfield code="a">Journal:jnl44580</subfield></datafield><datafield tag="914" ind1=" " ind2=" "><subfield code="f">Soil Sci Soc Am J</subfield></datafield><datafield tag="917" ind1=" " ind2=" "><subfield code="a">issued</subfield></datafield><datafield tag="935" ind1=" " ind2=" "><subfield code="a">IND93008395</subfield><subfield code="9">ExL</subfield></datafield><datafield tag="939" ind1=" " ind2=" "><subfield code="a">00000000</subfield><subfield code="b">19931102</subfield><subfield code="c">00000000</subfield></datafield><datafield tag="946" ind1=" " ind2=" "><subfield code="a">Other US</subfield></datafield><datafield tag="952" ind1=" " ind2=" "><subfield code="a">00000000 19931102 00000000</subfield></datafield><datafield tag="974" ind1=" " ind2=" "><subfield code="a">agid:1634027</subfield></datafield><datafield tag="984" ind1=" " ind2=" "><subfield code="a">2014-12-25</subfield></datafield><datafield tag="985" ind1=" " ind2=" "><subfield code="a">Converted from MARCXML to MODS version 3.4 using MARC21slim2MODS3-4.xsl (Revision 1.95 2014/04/23)</subfield></datafield><datafield tag="986" ind1=" " ind2=" "><subfield code="a">2940907</subfield></datafield></record>