<record><leader>04054nab a2200757 u 4500</leader><controlfield tag="001">9916101767807426</controlfield><controlfield tag="005">20221122213133.0</controlfield><controlfield tag="008">190318e20130215xx |||||o|||||||||||eng||</controlfield><datafield tag="" ind1="7" ind2=" "><subfield code="a">IND500603672</subfield><subfield code="2">DNAL</subfield></datafield><datafield tag="024" ind1="7" ind2=" "><subfield code="a">10.1/j.agrformet.2012.10.001</subfield><subfield code="2">doi</subfield></datafield><datafield tag="035" ind1=" " ind2=" "><subfield code="a">agid:475476-01nal_inst</subfield></datafield><datafield tag="040" ind1=" " ind2=" "><subfield code="a">AGL</subfield><subfield code="b">eng</subfield><subfield code="c">AGL</subfield></datafield><datafield tag="100" ind1="1" ind2=" "><subfield code="a">Fellows, Aaron W.</subfield><subfield code="e">author</subfield></datafield><datafield tag="245" ind1="1" ind2="0"><subfield code="a">Controls on gross production by a semiarid forest growing near its warm and dry ecotonal limit</subfield></datafield><datafield tag="300" ind1=" " ind2=" "><subfield code="a">p. 51-60.</subfield></datafield><datafield tag="520" ind1=" " ind2=" "><subfield code="a">Climate change is expected to move the spatial patterns of temperature and water availability poleward and upslope, with concomitant shifts in vegetation distribution. Vegetation growing near its southern or low-elevation range limit may prove especially susceptible to mortality and displacement. We investigated the controls on Gross Primary Production (GPP) by an oak and pine stand located just above the lower forest limit in Southern California's San Jacinto Mountains. The local climate was montane Mediterranean, and the stand experienced extensive mortality in the early 1990s and from 2002 to 2004 coincident with extended droughts. The maintenance of high rates of CO2 uptake in winter, and access to water deep in the soil column in summer, allowed for a year-round growing season. The evergreens at the site remained photosynthetically active year-round despite frequent freezing nights. High rates of CO2 uptake were observed at air temperatures below 8°C, which is colder than has been reported for other ecosystems. Winter cold exerted a minor limitation on GPP, and winter warming would have a small effect on GPP. Vegetation withdrew water from the soil, saprolite, and fractured granitic bedrock to support transpiration and CO2 uptake during the dry summer, which further expanded the growing season. Access to a reliable supply of moisture deep in the soil and regolith appears critical for the survival of large trees at the site. These trees may prove vulnerable to climate change if increasing evaporation rates or interannual precipitation variability causes a more frequent or severe depletion of deep regolith moisture.</subfield></datafield><datafield tag="592" ind1=" " ind2=" "><subfield code="a">Publisher supplied data</subfield></datafield><datafield tag="593" ind1=" " ind2=" "><subfield code="a">PubAg article</subfield></datafield><datafield tag="650" ind1=" " ind2="3"><subfield code="a">Mediterranean climate</subfield></datafield><datafield tag="650" ind1=" " ind2="3"><subfield code="a">Pinus</subfield></datafield><datafield tag="650" ind1=" " ind2="3"><subfield code="a">Quercus</subfield></datafield><datafield tag="650" ind1=" " ind2="3"><subfield code="a">air temperature</subfield></datafield><datafield tag="650" ind1=" " ind2="3"><subfield code="a">bedrock</subfield></datafield><datafield tag="650" ind1=" " ind2="3"><subfield code="a">climate change</subfield></datafield><datafield tag="650" ind1=" " ind2="3"><subfield code="a">cold</subfield></datafield><datafield tag="650" ind1=" " ind2="3"><subfield code="a">drought</subfield></datafield><datafield tag="650" ind1=" " ind2="3"><subfield code="a">ecosystems</subfield></datafield><datafield tag="650" ind1=" " ind2="3"><subfield code="a">evaporation rate</subfield></datafield><datafield tag="650" ind1=" " ind2="3"><subfield code="a">forests</subfield></datafield><datafield tag="650" ind1=" " ind2="3"><subfield code="a">growing season</subfield></datafield><datafield tag="650" ind1=" " ind2="3"><subfield code="a">mortality</subfield></datafield><datafield tag="650" ind1=" " ind2="3"><subfield code="a">mountains</subfield></datafield><datafield tag="650" ind1=" " ind2="3"><subfield code="a">primary productivity</subfield></datafield><datafield tag="650" ind1=" " ind2="3"><subfield code="a">saprolite</subfield></datafield><datafield tag="650" ind1=" " ind2="3"><subfield code="a">soil water</subfield></datafield><datafield tag="650" ind1=" " ind2="3"><subfield code="a">summer</subfield></datafield><datafield tag="650" ind1=" " ind2="3"><subfield code="a">timber production</subfield></datafield><datafield tag="650" ind1=" " ind2="3"><subfield code="a">transpiration</subfield></datafield><datafield tag="650" ind1=" " ind2="3"><subfield code="a">trees</subfield></datafield><datafield tag="650" ind1=" " ind2="3"><subfield code="a">winter</subfield></datafield><datafield tag="651" ind1=" " ind2="3"><subfield code="a">California</subfield></datafield><datafield tag="653" ind1=" " ind2="0"><subfield code="a">Mixed conifer forest</subfield></datafield><datafield tag="653" ind1=" " ind2="0"><subfield code="a">Gross Primary Production</subfield></datafield><datafield tag="653" ind1=" " ind2="0"><subfield code="a">Ecosystem function</subfield></datafield><datafield tag="653" ind1=" " ind2="0"><subfield code="a">Ecotone</subfield></datafield><datafield tag="653" ind1=" " ind2="0"><subfield code="a">Tree mortality</subfield></datafield><datafield tag="653" ind1=" " ind2="0"><subfield code="a">Low elevation forest</subfield></datafield><datafield tag="700" ind1="1" ind2=" "><subfield code="a">Goulden, Michael L.</subfield><subfield code="e">author</subfield><subfield code="u">Department of Earth System Science, University of California, Irvine, CA 92697-3100, USA</subfield></datafield><datafield tag="773" ind1="0" ind2=" "><subfield code="t">Agricultural and forest meteorology.</subfield><subfield code="g">2013 Feb. 15, v. 169 p.51-60</subfield><subfield code="d">Elsevier B.V.</subfield><subfield code="w">Journal:jnl43250</subfield><subfield code="x">8-1923</subfield><subfield code="7">nnas</subfield></datafield><datafield tag="787" ind1="1" ind2=" "><subfield code="o">islandora_article_repository</subfield></datafield><datafield tag="787" ind1="1" ind2=" "><subfield code="o">product_pubag</subfield></datafield><datafield tag="787" ind1="1" ind2=" "><subfield code="o">(Journal)jnl43250</subfield></datafield><datafield tag="856" ind1="4" ind2="0"><subfield code="u">http://dx.doi.org/10.1/j.agrformet.2012.10.001</subfield><subfield code="3">Available from publisher's site</subfield></datafield><datafield tag="912" ind1=" " ind2=" "><subfield code="a">Article</subfield></datafield><datafield tag="914" ind1=" " ind2=" "><subfield code="a">Journal:jnl43250</subfield><subfield code="b">8-1923</subfield><subfield code="c">169</subfield><subfield code="e">51</subfield></datafield><datafield tag="914" ind1=" " ind2=" "><subfield code="f">Agricultural and forest meteorology</subfield></datafield><datafield tag="917" ind1=" " ind2=" "><subfield code="a">issued</subfield></datafield><datafield tag="918" ind1="2" ind2=" "><subfield code="a">Elsevier Consyn</subfield><subfield code="e">provider</subfield><subfield code="5">DNAL</subfield></datafield><datafield tag="935" ind1=" " ind2=" "><subfield code="a">IND500603672</subfield><subfield code="9">ExL</subfield></datafield><datafield tag="949" ind1=" " ind2=" "><subfield code="a">2019-03-18</subfield></datafield><datafield tag="953" ind1=" " ind2=" "><subfield code="a">/data/metadata/incoming/consyn/46-2-00033-HEAD-ONLY.zip</subfield></datafield><datafield tag="954" ind1=" " ind2=" "><subfield code="a">file:/data/metadata/staging/consyn/S8192312002936.xml</subfield></datafield><datafield tag="955" ind1=" " ind2=" "><subfield code="a">/data/metadata/staging/consyn/</subfield></datafield><datafield tag="974" ind1=" " ind2=" "><subfield code="a">agid:475476</subfield></datafield><datafield tag="983" ind1=" " ind2=" "><subfield code="a">2019-03-18</subfield></datafield><datafield tag="984" ind1=" " ind2=" "><subfield code="a">2019-05-04</subfield></datafield></record>