<record><leader>03398nab a2200589 u 4500</leader><controlfield tag="001">9916102030207426</controlfield><controlfield tag="005">20221120213250.0</controlfield><controlfield tag="008">190827e201909 xx |||||o|||||||||||eng||</controlfield><datafield tag="" ind1="7" ind2=" "><subfield code="a">IND606606545</subfield><subfield code="2">DNAL</subfield></datafield><datafield tag="024" ind1="7" ind2=" "><subfield code="a">10.1007/s00484-019-01739-5</subfield><subfield code="2">doi</subfield></datafield><datafield tag="035" ind1=" " ind2=" "><subfield code="a">agid:6606545-01nal_inst</subfield></datafield><datafield tag="040" ind1=" " ind2=" "><subfield code="a">AGL</subfield><subfield code="b">eng</subfield><subfield code="c">AGL</subfield></datafield><datafield tag="100" ind1="1" ind2=" "><subfield code="a">Soulé, P. T.</subfield><subfield code="e">author</subfield><subfield code="u">Department of Geography and Planning, Appalachian Tree-Ring Laboratory, Appalachian State University, Boone, NC, USA. soulept@appstate.edu</subfield></datafield><datafield tag="245" ind1="1" ind2="2"><subfield code="a">A 400-year reconstruction of wintertime Arctic sea-ice extent using a high-elevation, mid-latitude tree-ring record</subfield></datafield><datafield tag="300" ind1=" " ind2=" "><subfield code="a">p. 1217-1229.</subfield></datafield><datafield tag="520" ind1=" " ind2=" "><subfield code="a">We examined relationships between wintertime Arctic sea-ice extent (ASIE) and radial growth rates of alpine larch trees (LALY) in the northern Rockies, USA, during 1979–2015 (r = − 0.71, p &lt; 0.01) and reconstructed ASIE fluctuations from 1613 to 2015. Wintertime ASIE corresponds with summertime mid-latitude upper-level atmospheric flow patterns with ridging (troughing) and warmer (cooler) conditions prevailing in the Rockies when ASIE are below (above) average. In turn, warmer (cooler) summertime conditions favor (disfavor) growth of LALY, thus “recording” interannual variations in ASIE. Both 1000 hPa temperatures and 500 hPa geopotential heights during years of anomalously high or low radial growth negatively correspond with ASIE, suggesting that a disjunct spatial influence on atmospheric conditions may be associated with interannual variability of ASIE. Reconstructed ASIE values show that 1996–2015 was the lowest 20-year period on record, but the mean value is not significantly different from six other distinct periods of below-average ASIE.</subfield></datafield><datafield tag="592" ind1=" " ind2=" "><subfield code="a">Publisher supplied data</subfield></datafield><datafield tag="593" ind1=" " ind2=" "><subfield code="a">PubAg article</subfield></datafield><datafield tag="650" ind1=" " ind2="3"><subfield code="a">altitude</subfield></datafield><datafield tag="650" ind1=" " ind2="3"><subfield code="a">bioclimatology</subfield></datafield><datafield tag="650" ind1=" " ind2="3"><subfield code="a">growth rings</subfield></datafield><datafield tag="650" ind1=" " ind2="3"><subfield code="a">latitude</subfield></datafield><datafield tag="650" ind1=" " ind2="3"><subfield code="a">ridging</subfield></datafield><datafield tag="650" ind1=" " ind2="3"><subfield code="a">sea ice</subfield></datafield><datafield tag="650" ind1=" " ind2="3"><subfield code="a">summer</subfield></datafield><datafield tag="650" ind1=" " ind2="3"><subfield code="a">temperature</subfield></datafield><datafield tag="650" ind1=" " ind2="3"><subfield code="a">trees</subfield></datafield><datafield tag="650" ind1=" " ind2="3"><subfield code="a">winter</subfield></datafield><datafield tag="651" ind1=" " ind2="3"><subfield code="a">Arctic region</subfield></datafield><datafield tag="651" ind1=" " ind2="3"><subfield code="a">Rocky Mountain region</subfield></datafield><datafield tag="651" ind1=" " ind2="3"><subfield code="a">United States</subfield></datafield><datafield tag="700" ind1="1" ind2=" "><subfield code="a">Knapp, P. A.</subfield><subfield code="e">author</subfield><subfield code="u">Department of Geography, Environment, and Sustainability, Carolina Tree-Ring Science Laboratory, University of North Carolina-Greensboro, Greensboro, NC, USA</subfield></datafield><datafield tag="773" ind1="0" ind2=" "><subfield code="t">International journal of biometeorology.</subfield><subfield code="g">2019 Sept., v. 63, no. 9 p.1217-1229</subfield><subfield code="d">Springer Berlin Heidelberg</subfield><subfield code="w">Journal:jnl46344</subfield><subfield code="x">0020-7128</subfield><subfield code="7">nnas</subfield></datafield><datafield tag="787" ind1="1" ind2=" "><subfield code="o">islandora_article_repository</subfield></datafield><datafield tag="787" ind1="1" ind2=" "><subfield code="o">product_pubag</subfield></datafield><datafield tag="787" ind1="1" ind2=" "><subfield code="o">(Journal)jnl46344</subfield></datafield><datafield tag="856" ind1="4" ind2="0"><subfield code="u">http://dx.doi.org/10.1007/s00484-019-01739-5</subfield><subfield code="3">Available from publisher's site</subfield></datafield><datafield tag="912" ind1=" " ind2=" "><subfield code="a">Article</subfield></datafield><datafield tag="914" ind1=" " ind2=" "><subfield code="a">Journal:jnl46344</subfield><subfield code="b">0020-7128</subfield><subfield code="c">63</subfield><subfield code="d">9</subfield><subfield code="e">1217</subfield></datafield><datafield tag="914" ind1=" " ind2=" "><subfield code="f">International journal of biometeorology</subfield></datafield><datafield tag="916" ind1=" " ind2=" "><subfield code="a">Batch:2402</subfield></datafield><datafield tag="917" ind1=" " ind2=" "><subfield code="a">issued</subfield></datafield><datafield tag="918" ind1="2" ind2=" "><subfield code="a">Springer</subfield><subfield code="e">provider</subfield><subfield code="5">DNAL</subfield></datafield><datafield tag="935" ind1=" " ind2=" "><subfield code="a">IND606606545</subfield><subfield code="9">ExL</subfield></datafield><datafield tag="949" ind1=" " ind2=" "><subfield code="a">2020-02-10</subfield></datafield><datafield tag="953" ind1=" " ind2=" "><subfield code="a">/data/metadata/incoming/springer/ftp_PUB_19-08-27_05-48-56.zip</subfield></datafield><datafield tag="954" ind1=" " ind2=" "><subfield code="a">file:/data/metadata/staging/springer/00484-63-9.xml</subfield></datafield><datafield tag="955" ind1=" " ind2=" "><subfield code="a">/data/metadata/staging/springer/</subfield></datafield><datafield tag="962" ind1=" " ind2=" "><subfield code="a">Batch:2402 reviewed on 2020-02-10T07:00:04Z</subfield></datafield><datafield tag="974" ind1=" " ind2=" "><subfield code="a">agid:6606545</subfield></datafield><datafield tag="983" ind1=" " ind2=" "><subfield code="a">2019-08-27</subfield></datafield><datafield tag="984" ind1=" " ind2=" "><subfield code="a">2020-02-10</subfield></datafield></record>