<record><leader>05522nab a2200781 u 4500</leader><controlfield tag="001">9916102157307426</controlfield><controlfield tag="005">20221122085932.0</controlfield><controlfield tag="008">190325e20190211xx |||||o|||||||||||eng||</controlfield><datafield tag="" ind1="7" ind2=" "><subfield code="a">IND606328571</subfield><subfield code="2">DNAL</subfield></datafield><datafield tag="024" ind1="7" ind2=" "><subfield code="a">10.1/j.rse.2019.02.009</subfield><subfield code="2">doi</subfield></datafield><datafield tag="035" ind1=" " ind2=" "><subfield code="a">agid:6328571-01nal_inst</subfield></datafield><datafield tag="040" ind1=" " ind2=" "><subfield code="a">AGL</subfield><subfield code="b">eng</subfield><subfield code="c">AGL</subfield></datafield><datafield tag="100" ind1="1" ind2=" "><subfield code="a">Meerdink, Susan</subfield><subfield code="e">author</subfield><subfield code="u">Civil and Coastal Engineering Department, University of Florida, Gainesville, FL 32611, United States of America</subfield><subfield code="1">https://orcid.org/0000-0001-7859-0248</subfield></datafield><datafield tag="245" ind1="1" ind2="0"><subfield code="a">Plant species' spectral emissivity and temperature using the hyperspectral thermal emission spectrometer (HyTES) sensor</subfield></datafield><datafield tag="500" ind1=" " ind2=" "><subfield code="a">Pre-press version</subfield></datafield><datafield tag="520" ind1=" " ind2=" "><subfield code="a">The thermal domain (TIR; 2.5–15 μm) delivers unique measurements of plant characteristics that are not possible in other parts of the electromagnetic spectrum. However, these TIR measurements have largely been restricted to laboratory leaf level or coarse spatial resolutions due to the lack of suitable data from airborne and spaceborne instruments. The airborne Hyperspectral Thermal Emission Spectrometer (HyTES) provides an opportunity to retrieve high spectral resolution emissivity and land surface temperature (LST) that can be exploited for canopy level vegetation research. This study is a high spatial resolution analysis of plant species' emissivity and LST using HyTES imagery acquired in the Huntington Botanical Gardens on 2014 July 5 and 2 Jan 25. Leaf and canopy emissivity variation was identified among 24 plant species and used to determine leaf to canopy scaling capabilities. HyTES LST patterns among species and dates were quantified and correlated to LiDAR derived tree canopy attributes. At the leaf scale, one third of the species showed distinct spectral separation from other species. However, at the canopy scale most species were not spectrally separable. Random forest classification demonstrates the high level of confusion between species with overall accuracies &lt;40%. LST data, derived from TIR measurements, showed that species exhibited significantly different distributions between dates and species. These distributions were largely explained by canopy structure (e.g. tree height and canopy density) and composition of neighboring pixels (e.g. presence of pavement versus trees). While species do not exhibit unique emissivity signatures at the canopy level, the LST variation among species provides a stronger understanding of LST variability in coarser resolution TIR imagery. This study represents the analysis of vegetation characteristics using the NASA's HyTES TIR sensor, opening the door for future remote sensing vegetation studies that include using the recently launched ECOsystem Spaceborne Thermal Radiometer Experiment on Space Station (ECOSTRESS) mission.</subfield></datafield><datafield tag="592" ind1=" " ind2=" "><subfield code="a">Publisher supplied data</subfield></datafield><datafield tag="593" ind1=" " ind2=" "><subfield code="a">PubAg article</subfield></datafield><datafield tag="650" ind1=" " ind2="3"><subfield code="a">botanical gardens</subfield></datafield><datafield tag="650" ind1=" " ind2="3"><subfield code="a">canopy</subfield></datafield><datafield tag="650" ind1=" " ind2="3"><subfield code="a">ecosystems</subfield></datafield><datafield tag="650" ind1=" " ind2="3"><subfield code="a">leaves</subfield></datafield><datafield tag="650" ind1=" " ind2="3"><subfield code="a">lidar</subfield></datafield><datafield tag="650" ind1=" " ind2="3"><subfield code="a">pavements</subfield></datafield><datafield tag="650" ind1=" " ind2="3"><subfield code="a">population characteristics</subfield></datafield><datafield tag="650" ind1=" " ind2="3"><subfield code="a">remote sensing</subfield></datafield><datafield tag="650" ind1=" " ind2="3"><subfield code="a">spectral analysis</subfield></datafield><datafield tag="650" ind1=" " ind2="3"><subfield code="a">spectrometers</subfield></datafield><datafield tag="650" ind1=" " ind2="3"><subfield code="a">surface temperature</subfield></datafield><datafield tag="650" ind1=" " ind2="3"><subfield code="a">tree height</subfield></datafield><datafield tag="650" ind1=" " ind2="3"><subfield code="a">trees</subfield></datafield><datafield tag="650" ind1=" " ind2="3"><subfield code="a">vegetation</subfield></datafield><datafield tag="653" ind1=" " ind2="0"><subfield code="a">Thermal infrared</subfield></datafield><datafield tag="653" ind1=" " ind2="0"><subfield code="a">Spectral emissivity</subfield></datafield><datafield tag="653" ind1=" " ind2="0"><subfield code="a">Plant species</subfield></datafield><datafield tag="653" ind1=" " ind2="0"><subfield code="a">Land surface temperature (LST)</subfield></datafield><datafield tag="653" ind1=" " ind2="0"><subfield code="a">HyTES</subfield></datafield><datafield tag="653" ind1=" " ind2="0"><subfield code="a">Remote sensing</subfield></datafield><datafield tag="653" ind1=" " ind2="0"><subfield code="a">Hyperspectral</subfield></datafield><datafield tag="653" ind1=" " ind2="0"><subfield code="a">Random forest</subfield></datafield><datafield tag="700" ind1="1" ind2=" "><subfield code="a">Roberts, Dar</subfield><subfield code="e">author</subfield><subfield code="u">Department of Geography, University of California Santa Barbara, Santa Barbara, CA 93106-4060, United States</subfield></datafield><datafield tag="700" ind1="1" ind2=" "><subfield code="a">Hulley, Glynn</subfield><subfield code="e">author</subfield><subfield code="u">National Aeronautics and Space Administration Jet Propulsion Laboratory, Pasadena, CA 91109, United States</subfield></datafield><datafield tag="700" ind1="1" ind2=" "><subfield code="a">Gader, Paul</subfield><subfield code="e">author</subfield><subfield code="u">Civil and Coastal Engineering Department, University of Florida, Gainesville, FL 32611, United States of America</subfield></datafield><datafield tag="700" ind1="1" ind2=" "><subfield code="a">Pisek, Jan</subfield><subfield code="e">author</subfield><subfield code="u">University of Tartu, Tartu Observatory, 61602 Tõravere, Estonia</subfield><subfield code="1">https://orcid.org/0000-0003-0396-2072</subfield></datafield><datafield tag="700" ind1="1" ind2=" "><subfield code="a">Adamson, Kairi</subfield><subfield code="e">author</subfield><subfield code="u">University of Tartu, Tartu Observatory, 61602 Tõravere, Estonia</subfield></datafield><datafield tag="700" ind1="1" ind2=" "><subfield code="a">King, Jennifer</subfield><subfield code="e">author</subfield><subfield code="u">Department of Geography, University of California Santa Barbara, Santa Barbara, CA 93106-4060, United States</subfield></datafield><datafield tag="700" ind1="1" ind2=" "><subfield code="a">Hook, Simon J.</subfield><subfield code="e">author</subfield><subfield code="u">National Aeronautics and Space Administration Jet Propulsion Laboratory, Pasadena, CA 91109, United States</subfield></datafield><datafield tag="773" ind1="0" ind2=" "><subfield code="t">Remote sensing of environment.</subfield><subfield code="g">2019 Feb. 11, </subfield><subfield code="d">Elsevier Inc.</subfield><subfield code="w">Journal:11735</subfield><subfield code="x">0034-4257</subfield><subfield code="7">nnas</subfield></datafield><datafield tag="787" ind1="1" ind2=" "><subfield code="o">islandora_article_repository</subfield></datafield><datafield tag="787" ind1="1" ind2=" "><subfield code="o">product_pubag</subfield></datafield><datafield tag="787" ind1="1" ind2=" "><subfield code="o">(Journal)11735</subfield></datafield><datafield tag="856" ind1="4" ind2="0"><subfield code="u">https://dx.doi.org/10.1/j.rse.2019.02.009</subfield><subfield code="3">Available from publisher's site</subfield></datafield><datafield tag="912" ind1=" " ind2=" "><subfield code="a">Article</subfield></datafield><datafield tag="914" ind1=" " ind2=" "><subfield code="a">Journal:11735</subfield><subfield code="b">0034-4257</subfield><subfield code="c">224</subfield><subfield code="e">421</subfield></datafield><datafield tag="914" ind1=" " ind2=" "><subfield code="f">Remote sensing of environment</subfield></datafield><datafield tag="916" ind1=" " ind2=" "><subfield code="a">Batch:2181</subfield></datafield><datafield tag="917" ind1=" " ind2=" "><subfield code="a">issued</subfield></datafield><datafield tag="918" ind1="2" ind2=" "><subfield code="a">Elsevier Consyn</subfield><subfield code="e">provider</subfield><subfield code="5">DNAL</subfield></datafield><datafield tag="935" ind1=" " ind2=" "><subfield code="a">IND606328571</subfield><subfield code="9">ExL</subfield></datafield><datafield tag="949" ind1=" " ind2=" "><subfield code="a">2019-04-26</subfield></datafield><datafield tag="953" ind1=" " ind2=" "><subfield code="a">/data/metadata/incoming/consyn/3224-00001-HEAD-ONLY-NEW CONSYN ISSNS.zip</subfield></datafield><datafield tag="954" ind1=" " ind2=" "><subfield code="a">file:/data/metadata/staging/consyn/S0034425719300641.xml</subfield></datafield><datafield tag="955" ind1=" " ind2=" "><subfield code="a">/data/metadata/staging/consyn/</subfield></datafield><datafield tag="962" ind1=" " ind2=" "><subfield code="a">Batch:2181 reviewed on 2019-04-25T16:00:03Z</subfield></datafield><datafield tag="962" ind1=" " ind2=" "><subfield code="a">Batch:2181 reviewed on 2019-04-26T08:00:03Z</subfield></datafield><datafield tag="974" ind1=" " ind2=" "><subfield code="a">agid:6328571</subfield></datafield><datafield tag="983" ind1=" " ind2=" "><subfield code="a">2019-03-25</subfield></datafield><datafield tag="984" ind1=" " ind2=" "><subfield code="a">2019-04-26</subfield></datafield></record>