<record><leader>03703nab a2200553 u 4500</leader><controlfield tag="001">9916102604407426</controlfield><controlfield tag="005">20221121235713.0</controlfield><controlfield tag="008">220912e20220830xx |||||o|||||||||||eng||</controlfield><datafield tag="" ind1="7" ind2=" "><subfield code="a">IND607929248</subfield><subfield code="2">DNAL</subfield></datafield><datafield tag="024" ind1="7" ind2=" "><subfield code="a">10.1155/2022/4775718</subfield><subfield code="2">doi</subfield></datafield><datafield tag="035" ind1=" " ind2=" "><subfield code="a">agid:7929248-01nal_inst</subfield></datafield><datafield tag="040" ind1=" " ind2=" "><subfield code="a">AGL</subfield><subfield code="b">eng</subfield><subfield code="c">AGL</subfield></datafield><datafield tag="100" ind1="1" ind2=" "><subfield code="a">Liu, Houping</subfield><subfield code="e">author</subfield><subfield code="u">Pennsylvania Department of Conservation and Natural Resources, 400 Market Street, Harrisburg, PA 17105, USA</subfield><subfield code="1">https://orcid.org/0000-0002-0566-6237</subfield></datafield><datafield tag="245" ind1="1" ind2="0"><subfield code="a">Spatial Distribution, Seasonal Dynamics, and Sex Ratio of Lycorma delicatula (Hemiptera: Fulgoridae) Adults on Tree of Heaven</subfield></datafield><datafield tag="520" ind1=" " ind2=" "><subfield code="a">The spatial distribution and seasonal dynamics of the spotted lanternfly (Lycorma delicatula) on tree of heaven (Ailanthus altissima) were studied in Pennsylvania through weekly sampling of 30 trees (6 sites, 5 trees/site) from 27 July to 8 November 2020. Adults found on each tree were separated into six within-tree positions (lower trunk, middle trunk, upper trunk, first branch, second branch, and above second branch) by four directions (East, South, West, and North). In total, 78,796 adults were counted at the six study sites during the 15-week period. Significant differences in total adult count were found among trees, with a mean of 2,627 (254–12,023) adults/tree. Study site, tree diameter, and cardinal direction had no significant impact on adult spatial distribution. However, significantly more adults were found on the middle (1077), the lower (865), and the upper trunk (337) compared with the first (194), the second (93), and above second branches (60). Most adults were congregated on the lower and middle trunks. Seasonal dynamics followed adult development and migration patterns in the field, with peak populations observed in weeks 35 (24–30 August) and 37 (7–13 September) before declining. Female-based sex ratios ranged from 77.3 to 100% according to weekly monitoring of the lower 1 m trunk of 10 trees at 2 sites (5 trees/site) for 12 weeks from 17 August to 8 November, with 7,356 females and 197 males counted, respectively. Impact factors such as attack patterns, intraspecific congregation, adult seasonality, and sexual dimorphism in host selection are discussed.</subfield></datafield><datafield tag="592" ind1=" " ind2=" "><subfield code="a">Publisher supplied data</subfield></datafield><datafield tag="593" ind1=" " ind2=" "><subfield code="a">PubAg article</subfield></datafield><datafield tag="596" ind1=" " ind2=" "><subfield code="c">Pennsylvania Department of Conservation and Natural Resources</subfield></datafield><datafield tag="650" ind1=" " ind2="3"><subfield code="a">Ailanthus altissima</subfield></datafield><datafield tag="650" ind1=" " ind2="3"><subfield code="a">Lycorma delicatula</subfield></datafield><datafield tag="650" ind1=" " ind2="3"><subfield code="a">adult development</subfield></datafield><datafield tag="650" ind1=" " ind2="3"><subfield code="a">adults</subfield></datafield><datafield tag="650" ind1=" " ind2="3"><subfield code="a">host preferences</subfield></datafield><datafield tag="650" ind1=" " ind2="3"><subfield code="a">sex ratio</subfield></datafield><datafield tag="650" ind1=" " ind2="3"><subfield code="a">sexual dimorphism</subfield></datafield><datafield tag="650" ind1=" " ind2="3"><subfield code="a">tree and stand measurements</subfield></datafield><datafield tag="650" ind1=" " ind2="3"><subfield code="a">trees</subfield></datafield><datafield tag="651" ind1=" " ind2="3"><subfield code="a">Pennsylvania</subfield></datafield><datafield tag="700" ind1="1" ind2=" "><subfield code="a">Hunter, Matthew</subfield><subfield code="e">author</subfield><subfield code="u">Pennsylvania Department of Conservation and Natural Resources, 400 Market Street, Harrisburg, PA 17105, USA</subfield></datafield><datafield tag="773" ind1="0" ind2=" "><subfield code="t">Psyche.</subfield><subfield code="g">2022 Aug. 30, v. 2022</subfield><subfield code="d">Hindawi</subfield><subfield code="w">Journal:jnl19278</subfield><subfield code="x">1687-7438</subfield><subfield code="7">nnas</subfield></datafield><datafield tag="787" ind1="1" ind2=" "><subfield code="o">islandora_article_repository</subfield></datafield><datafield tag="787" ind1="1" ind2=" "><subfield code="o">product_pubag</subfield></datafield><datafield tag="787" ind1="1" ind2=" "><subfield code="o">(Journal)jnl19278</subfield></datafield><datafield tag="856" ind1="4" ind2="0"><subfield code="u">https://dx.doi.org/10.1155/2022/4775718</subfield><subfield code="3">Available from publisher's site</subfield></datafield><datafield tag="912" ind1=" " ind2=" "><subfield code="a">Article</subfield></datafield><datafield tag="914" ind1=" " ind2=" "><subfield code="a">Journal:jnl19278</subfield><subfield code="b">1687-7438</subfield><subfield code="c">2022</subfield></datafield><datafield tag="914" ind1=" " ind2=" "><subfield code="f">Psyche</subfield></datafield><datafield tag="916" ind1=" " ind2=" "><subfield code="a">Batch:10265</subfield></datafield><datafield tag="917" ind1=" " ind2=" "><subfield code="a">issued</subfield></datafield><datafield tag="918" ind1="2" ind2=" "><subfield code="a">Hindawi</subfield><subfield code="e">provider</subfield><subfield code="5">DNAL</subfield></datafield><datafield tag="935" ind1=" " ind2=" "><subfield code="a">IND607929248</subfield><subfield code="9">ExL</subfield></datafield><datafield tag="949" ind1=" " ind2=" "><subfield code="a">2022-09-12</subfield></datafield><datafield tag="952" ind1=" " ind2=" "><subfield code="d">NAL-AP-2-clean</subfield></datafield><datafield tag="953" ind1=" " ind2=" "><subfield code="a">/data/metadata/incoming/hindawi/hindawi_2022_09_12.zip</subfield></datafield><datafield tag="954" ind1=" " ind2=" "><subfield code="a">file:/data/metadata/staging/hindawi/4775718.xml</subfield></datafield><datafield tag="955" ind1=" " ind2=" "><subfield code="a">/data/metadata/staging/hindawi/</subfield></datafield><datafield tag="974" ind1=" " ind2=" "><subfield code="a">agid:7929248</subfield></datafield><datafield tag="983" ind1=" " ind2=" "><subfield code="a">2022-09-12</subfield></datafield><datafield tag="984" ind1=" " ind2=" "><subfield code="a">2022-09-12</subfield></datafield></record>