<record><leader>03608nab a2200661 u 4500</leader><controlfield tag="001">9916102642707426</controlfield><controlfield tag="005">20221122051121.0</controlfield><controlfield tag="008">140129e201403 xx |||||o|||||||||||eng||</controlfield><datafield tag="" ind1="7" ind2=" "><subfield code="a">IND500724410</subfield><subfield code="2">DNAL</subfield></datafield><datafield tag="024" ind1="7" ind2=" "><subfield code="a">24106057</subfield><subfield code="2">pmid</subfield></datafield><datafield tag="024" ind1="7" ind2=" "><subfield code="a">10.1111/gcb.12398</subfield><subfield code="2">doi</subfield></datafield><datafield tag="035" ind1=" " ind2=" "><subfield code="a">agid:241665-01nal_inst</subfield></datafield><datafield tag="040" ind1=" " ind2=" "><subfield code="a">AGL</subfield><subfield code="b">eng</subfield><subfield code="c">AGL</subfield></datafield><datafield tag="100" ind1="1" ind2=" "><subfield code="a">Nes, Egbert H.</subfield><subfield code="e">author</subfield><subfield code="u">Department of Aquatic Ecology and Water Quality Management, Wageningen University, P.O. Box 47, Wageningen, NL‐6700 AA, The Netherlands</subfield></datafield><datafield tag="245" ind1="1" ind2="0"><subfield code="a">Tipping points in tropical tree cover: linking theory to data</subfield></datafield><datafield tag="300" ind1=" " ind2=" "><subfield code="a">p. 1-1021.</subfield></datafield><datafield tag="520" ind1=" " ind2=" "><subfield code="a">It has recently been found that the frequency distribution of remotely sensed tree cover in the tropics has three distinct modes, which seem to correspond to forest, savanna, and treeless states. This pattern has been suggested to imply that these states represent alternative attractors, and that the response of these systems to climate change would be characterized by critical transitions and hysteresis. Here, we show how this inference is contingent upon mechanisms at play. We present a simple dynamical model that can generate three alternative tree cover states (forest, savanna, and a treeless state), based on known mechanisms, and use this model to simulate patterns of tree cover under different scenarios. We use these synthetic data to show that the hysteresis inferred from remotely sensed tree cover patterns will be inflated by spatial heterogeneity of environmental conditions. On the other hand, we show that the hysteresis inferred from satellite data may actually underestimate real hysteresis in response to climate change if there exists a positive feedback between regional tree cover and precipitation. Our results also indicate that such positive feedback between vegetation and climate should cause direct shifts between forest and a treeless state (rather than through an intermediate savanna state) to become more likely. Finally, we show how directionality of historical change in conditions may bias the observed relationship between tree cover and environmental conditions.</subfield></datafield><datafield tag="592" ind1=" " ind2=" "><subfield code="a">Publisher supplied data</subfield></datafield><datafield tag="593" ind1=" " ind2=" "><subfield code="a">PubAg article</subfield></datafield><datafield tag="650" ind1=" " ind2="3"><subfield code="a">climate change</subfield></datafield><datafield tag="650" ind1=" " ind2="3"><subfield code="a">dynamic models</subfield></datafield><datafield tag="650" ind1=" " ind2="3"><subfield code="a">environmental factors</subfield></datafield><datafield tag="650" ind1=" " ind2="3"><subfield code="a">forests</subfield></datafield><datafield tag="650" ind1=" " ind2="3"><subfield code="a">hysteresis</subfield></datafield><datafield tag="650" ind1=" " ind2="3"><subfield code="a">remote sensing</subfield></datafield><datafield tag="650" ind1=" " ind2="3"><subfield code="a">savannas</subfield></datafield><datafield tag="650" ind1=" " ind2="3"><subfield code="a">simulation models</subfield></datafield><datafield tag="650" ind1=" " ind2="3"><subfield code="a">trees</subfield></datafield><datafield tag="650" ind1=" " ind2="3"><subfield code="a">tropics</subfield></datafield><datafield tag="650" ind1=" " ind2="2"><subfield code="a">Ecosystem</subfield></datafield><datafield tag="650" ind1=" " ind2="2"><subfield code="a">Fires</subfield></datafield><datafield tag="650" ind1=" " ind2="2"><subfield code="a">Models, Theoretical</subfield></datafield><datafield tag="650" ind1=" " ind2="2"><subfield code="a">Remote Sensing Technology</subfield></datafield><datafield tag="650" ind1=" " ind2="2"><subfield code="a">Trees</subfield></datafield><datafield tag="650" ind1=" " ind2="2"><subfield code="a">Tropical Climate</subfield></datafield><datafield tag="700" ind1="1" ind2=" "><subfield code="a">Hirota, Marina</subfield><subfield code="e">author</subfield></datafield><datafield tag="700" ind1="1" ind2=" "><subfield code="a">Holmgren, Milena</subfield><subfield code="e">author</subfield></datafield><datafield tag="700" ind1="1" ind2=" "><subfield code="a">Scheffer, Marten</subfield><subfield code="e">author</subfield></datafield><datafield tag="773" ind1="0" ind2=" "><subfield code="t">Global change biology.</subfield><subfield code="g">2014 Mar., v. 20, no. 3 p.1-1021</subfield><subfield code="d">Blackwell Science</subfield><subfield code="x">1354-1013</subfield><subfield code="7">nnas</subfield></datafield><datafield tag="787" ind1="1" ind2=" "><subfield code="o">islandora_article_repository</subfield></datafield><datafield tag="787" ind1="1" ind2=" "><subfield code="o">product_pubag</subfield></datafield><datafield tag="787" ind1="1" ind2=" "><subfield code="o">(Journal)jnl57021</subfield></datafield><datafield tag="856" ind1="4" ind2="0"><subfield code="u">http://dx.doi.org/10.1111/gcb.12398</subfield></datafield><datafield tag="912" ind1=" " ind2=" "><subfield code="a">Article</subfield></datafield><datafield tag="914" ind1=" " ind2=" "><subfield code="a">Journal:jnl57021</subfield><subfield code="b">1354-1013</subfield><subfield code="c">20</subfield><subfield code="d">3</subfield><subfield code="e">1</subfield></datafield><datafield tag="914" ind1=" " ind2=" "><subfield code="f">Global change biology</subfield></datafield><datafield tag="916" ind1=" " ind2=" "><subfield code="a">Batch:677</subfield></datafield><datafield tag="917" ind1=" " ind2=" "><subfield code="a">issued</subfield></datafield><datafield tag="918" ind1="2" ind2=" "><subfield code="a">John Wiley &amp; Sons, Inc</subfield><subfield code="e">provider</subfield><subfield code="5">DNAL</subfield></datafield><datafield tag="935" ind1=" " ind2=" "><subfield code="a">IND500724410</subfield><subfield code="9">ExL</subfield></datafield><datafield tag="949" ind1=" " ind2=" "><subfield code="a">2014-10-29</subfield></datafield><datafield tag="951" ind1=" " ind2=" "><subfield code="a">2014-01-29</subfield></datafield><datafield tag="953" ind1=" " ind2=" "><subfield code="a">13541013_2014_20_3.xml</subfield></datafield><datafield tag="962" ind1=" " ind2=" "><subfield code="a">Batch:677 annotated on 2014-10-06T12:54:31Z</subfield></datafield><datafield tag="962" ind1=" " ind2=" "><subfield code="a">Batch:677 reviewed on 2014-10-29T11:00:03Z</subfield></datafield><datafield tag="974" ind1=" " ind2=" "><subfield code="a">agid:241665</subfield></datafield><datafield tag="983" ind1=" " ind2=" "><subfield code="a">2014-01-29</subfield></datafield><datafield tag="984" ind1=" " ind2=" "><subfield code="a">2014-01-29</subfield></datafield></record>