<record><leader>04339nab a2200721 u 4500</leader><controlfield tag="001">9916103449707426</controlfield><controlfield tag="005">20221121224558.0</controlfield><controlfield tag="008">180314e20180315xx |||||o|||||||||||eng||</controlfield><datafield tag="" ind1="7" ind2=" "><subfield code="a">IND605908478</subfield><subfield code="2">DNAL</subfield></datafield><datafield tag="024" ind1="7" ind2=" "><subfield code="a">10.1002/hyp.11454</subfield><subfield code="2">doi</subfield></datafield><datafield tag="035" ind1=" " ind2=" "><subfield code="a">agid:5908478-01nal_inst</subfield></datafield><datafield tag="040" ind1=" " ind2=" "><subfield code="a">AGL</subfield><subfield code="b">eng</subfield><subfield code="c">AGL</subfield></datafield><datafield tag="100" ind1="1" ind2=" "><subfield code="a">Fabris, Luca</subfield><subfield code="e">author</subfield><subfield code="u">Northern Rivers Institute, School of Geosciences, University of Aberdeen, St. Mary's Building, Elphinstone Road, Aberdeen, AB24 3UF, UK</subfield></datafield><datafield tag="245" ind1="1" ind2="0"><subfield code="a">Integrating process‐based flow and temperature models to assess riparian forests and temperature amelioration in salmon streams</subfield></datafield><datafield tag="300" ind1=" " ind2=" "><subfield code="a">p. 776-791.</subfield></datafield><datafield tag="500" ind1=" " ind2=" "><subfield code="a">JOURNAL ARTICLE</subfield></datafield><datafield tag="520" ind1=" " ind2=" "><subfield code="a">The importance of riparian tree cover in reducing energy inputs to streams is increasingly recognized in schemes to mitigate climate change effects and protect freshwater ecosystems. Assessing different riparian management strategies requires catchment‐scale understanding of how different planting scenarios would affect the stream energy balance, coupled with a quantitative assessment of spatial patterns of streamflow generation. Here, we use the physically based MIKE SHE model to integrate simulations of catchment‐scale run‐off generation and in‐stream hydraulics with a heat transfer model. This was calibrated to model the spatio‐temporal distribution of hourly stream water temperature during warm low flow periods in a Scottish salmon stream. The model was explored as a “proof of concept” for a tool to investigate the effects of riparian management on high stream water temperatures that could affect juvenile Atlantic salmon. Uncertainty was incorporated into the assessment using the generalized likelihood uncertainty estimation approach. Results showed that by decreasing both the warming (daylight hours) and the cooling (night‐time hours) rates, forest cover leads to a reduction of the temperature range (with a delay of the time to peak by up to 2 hr) and can therefore be effectively used to moderate projected climate change effects. The modelling presented here facilitated the quantification of potential mitigating effects of alternative riparian management strategies and provided a valuable tool that has potential to be utilized as an evidence base for catchment management guidance.</subfield></datafield><datafield tag="592" ind1=" " ind2=" "><subfield code="a">Publisher supplied data</subfield></datafield><datafield tag="593" ind1=" " ind2=" "><subfield code="a">PubAg article</subfield></datafield><datafield tag="650" ind1=" " ind2="3"><subfield code="a">Salmo salar</subfield></datafield><datafield tag="650" ind1=" " ind2="3"><subfield code="a">climate change</subfield></datafield><datafield tag="650" ind1=" " ind2="3"><subfield code="a">cooling</subfield></datafield><datafield tag="650" ind1=" " ind2="3"><subfield code="a">energy balance</subfield></datafield><datafield tag="650" ind1=" " ind2="3"><subfield code="a">fluid mechanics</subfield></datafield><datafield tag="650" ind1=" " ind2="3"><subfield code="a">freshwater ecosystems</subfield></datafield><datafield tag="650" ind1=" " ind2="3"><subfield code="a">heat transfer</subfield></datafield><datafield tag="650" ind1=" " ind2="3"><subfield code="a">juveniles</subfield></datafield><datafield tag="650" ind1=" " ind2="3"><subfield code="a">models</subfield></datafield><datafield tag="650" ind1=" " ind2="3"><subfield code="a">planting</subfield></datafield><datafield tag="650" ind1=" " ind2="3"><subfield code="a">riparian forests</subfield></datafield><datafield tag="650" ind1=" " ind2="3"><subfield code="a">runoff</subfield></datafield><datafield tag="650" ind1=" " ind2="3"><subfield code="a">salmon</subfield></datafield><datafield tag="650" ind1=" " ind2="3"><subfield code="a">solar radiation</subfield></datafield><datafield tag="650" ind1=" " ind2="3"><subfield code="a">spatial distribution</subfield></datafield><datafield tag="650" ind1=" " ind2="3"><subfield code="a">stream flow</subfield></datafield><datafield tag="650" ind1=" " ind2="3"><subfield code="a">streams</subfield></datafield><datafield tag="650" ind1=" " ind2="3"><subfield code="a">trees</subfield></datafield><datafield tag="650" ind1=" " ind2="3"><subfield code="a">uncertainty</subfield></datafield><datafield tag="650" ind1=" " ind2="3"><subfield code="a">water temperature</subfield></datafield><datafield tag="650" ind1=" " ind2="3"><subfield code="a">watershed management</subfield></datafield><datafield tag="700" ind1="1" ind2=" "><subfield code="a">Malcolm, Iain Archibald</subfield><subfield code="e">author</subfield><subfield code="u">Freshwater Laboratory, Marine Scotland Science, Pitlochry, PH16 8BB, UK</subfield></datafield><datafield tag="700" ind1="1" ind2=" "><subfield code="a">Buddendorf, Willem Bastiaan</subfield><subfield code="e">author</subfield><subfield code="u">Northern Rivers Institute, School of Geosciences, University of Aberdeen, St. Mary's Building, Elphinstone Road, Aberdeen, AB24 3UF, UK</subfield></datafield><datafield tag="700" ind1="1" ind2=" "><subfield code="a">Soulsby, Chris</subfield><subfield code="e">author</subfield></datafield><datafield tag="773" ind1="0" ind2=" "><subfield code="t">Hydrological processes.</subfield><subfield code="g">2018 Mar. 15, v. 32, no. 6 p.776-791</subfield><subfield code="d">John Wiley &amp; Sons, Ltd</subfield><subfield code="w">Journal:jnl3938466</subfield><subfield code="x">0885-6087</subfield><subfield code="7">nnas</subfield></datafield><datafield tag="787" ind1="1" ind2=" "><subfield code="o">islandora_article_repository</subfield></datafield><datafield tag="787" ind1="1" ind2=" "><subfield code="o">product_pubag</subfield></datafield><datafield tag="787" ind1="1" ind2=" "><subfield code="o">(Journal)jnl3938466</subfield></datafield><datafield tag="856" ind1="4" ind2="0"><subfield code="u">http://dx.doi.org/10.1002/hyp.11454</subfield><subfield code="3">Available from publisher's site</subfield></datafield><datafield tag="912" ind1=" " ind2=" "><subfield code="a">Article</subfield></datafield><datafield tag="914" ind1=" " ind2=" "><subfield code="a">Journal:jnl3938466</subfield><subfield code="b">0885-6087</subfield><subfield code="c">32</subfield><subfield code="d">6</subfield><subfield code="e">776</subfield></datafield><datafield tag="914" ind1=" " ind2=" "><subfield code="f">Hydrological processes</subfield></datafield><datafield tag="916" ind1=" " ind2=" "><subfield code="a">Batch:1938</subfield></datafield><datafield tag="917" ind1=" " ind2=" "><subfield code="a">issued</subfield></datafield><datafield tag="918" ind1="2" ind2=" "><subfield code="a">John Wiley &amp; Sons, Inc</subfield><subfield code="e">provider</subfield><subfield code="5">DNAL</subfield></datafield><datafield tag="935" ind1=" " ind2=" "><subfield code="a">IND605908478</subfield><subfield code="9">ExL</subfield></datafield><datafield tag="949" ind1=" " ind2=" "><subfield code="a">2018-04-05</subfield></datafield><datafield tag="953" ind1=" " ind2=" "><subfield code="a">/data/metadata/incoming/wiley/08856087_2018_32_6.xml</subfield></datafield><datafield tag="954" ind1=" " ind2=" "><subfield code="a">file:/data/metadata/staging/wiley/08856087_2018_32_6.xml</subfield></datafield><datafield tag="955" ind1=" " ind2=" "><subfield code="a">/data/metadata/staging/wiley/</subfield></datafield><datafield tag="962" ind1=" " ind2=" "><subfield code="a">Batch:1938 reviewed on 2018-04-05T10:00:03Z</subfield></datafield><datafield tag="974" ind1=" " ind2=" "><subfield code="a">agid:5908478</subfield></datafield><datafield tag="983" ind1=" " ind2=" "><subfield code="a">2018-03-14</subfield></datafield><datafield tag="984" ind1=" " ind2=" "><subfield code="a">2018-04-05</subfield></datafield></record>