<record><leader>04210nab a2200529 u 4500</leader><controlfield tag="001">9916103527007426</controlfield><controlfield tag="005">20221122113633.0</controlfield><controlfield tag="008">120727e201112 xx |||||o|||||||||||eng||</controlfield><datafield tag="" ind1="7" ind2=" "><subfield code="a">IND44763324</subfield><subfield code="2">DNAL</subfield></datafield><datafield tag="024" ind1="7" ind2=" "><subfield code="a">10.1111/j.1442-9993.2011.02255.x</subfield><subfield code="2">doi</subfield></datafield><datafield tag="035" ind1=" " ind2=" "><subfield code="a">agid:558654-01nal_inst</subfield></datafield><datafield tag="040" ind1=" " ind2=" "><subfield code="a">AGL</subfield><subfield code="b">eng</subfield><subfield code="c">AGL</subfield></datafield><datafield tag="100" ind1="1" ind2=" "><subfield code="a">CAMPOS, RICARDO I.</subfield><subfield code="e">author</subfield><subfield code="u"> Departamento de Biologia Geral, Universidade Federal de Viçosa (UFV), 36570‐000, Viçosa, MG, Brazil (Email: ricardo.campos@ufv.br) Instituto de Biologia, Universidade Federal de Uberlândia (UFU), Uberlândia, MG Universidade de Mogi das Cruzes (UMC), Campus 1, Núcleo de Ciências Ambientais, Mogi das Cruzes, São Paulo, Brazil CSIRO Sustainable Ecosystems, CSIRO Tropical Ecosystems Research Centre, Winnellie, Northern Territory, Australia</subfield></datafield><datafield tag="245" ind1="1" ind2="0"><subfield code="a">Multi‐scale ant diversity in savanna woodlands: an intercontinental comparison</subfield></datafield><datafield tag="300" ind1=" " ind2=" "><subfield code="a">p. 983-992.</subfield></datafield><datafield tag="520" ind1=" " ind2=" "><subfield code="a">Ecological patterns and processes are highly scale‐dependent, but few studies have used standardized methodology to examine how scale dependency varies across continents. This paper examines scale dependency in comparative ant species richness and turnover in savannas of Australia and Brazil, which are well‐matched climatically but whose ant faunas have contrasting biogeographic origins. The study was conducted in savanna woodland near Darwin in northern Australia and Uberlândia in central Brazil. The sampling design consisted of eight 400‐m line transects, four in each continent, with eight pitfall traps located on and around each of 20 trees evenly spaced along each transect. Ant richness and species turnover were compared at three spatial scales: pitfalls associated with a tree, trees within a transect and transects within a savanna. The composition of the Australian and Brazilian savanna ant faunas was broadly similar at the subfamily level, despite the very low proportion of shared genera and species. The ground and arboreal ant faunas were very distinct from each other in both savannas, but especially in Brazil. Overall ant abundance was almost three times higher in Australia than in Brazil, both on the ground and on vegetation, but overall species richness was higher in Brazil (150 species) than in Australia (93). There was no significant difference in the mean number of species per pitfall trap, but the mean species richness was significantly higher in Brazil than in Australia at both the tree and transect scales. We attribute these scale‐dependent intercontinental differences to biogeographical and historical factors in Brazil that have led to a large regional pool of arboreal species of rainforest origin. Our study underlines the importance of biogeographical context when conducting comparative analyses of community structure across biogeographical scales, and highlights the importance of process acting at regional scales in determining species richness in ant communities.</subfield></datafield><datafield tag="592" ind1=" " ind2=" "><subfield code="a">Publisher supplied data</subfield></datafield><datafield tag="593" ind1=" " ind2=" "><subfield code="a">PubAg article</subfield></datafield><datafield tag="650" ind1=" " ind2="3"><subfield code="a">community structure</subfield></datafield><datafield tag="650" ind1=" " ind2="3"><subfield code="a">pitfall traps</subfield></datafield><datafield tag="650" ind1=" " ind2="3"><subfield code="a">rain forests</subfield></datafield><datafield tag="650" ind1=" " ind2="3"><subfield code="a">savannas</subfield></datafield><datafield tag="650" ind1=" " ind2="3"><subfield code="a">species diversity</subfield></datafield><datafield tag="650" ind1=" " ind2="3"><subfield code="a">woodlands</subfield></datafield><datafield tag="651" ind1=" " ind2="3"><subfield code="a">Australia</subfield></datafield><datafield tag="651" ind1=" " ind2="3"><subfield code="a">Brazil</subfield></datafield><datafield tag="700" ind1="1" ind2=" "><subfield code="a">VASCONCELOS, HERALDO L.</subfield><subfield code="e">author</subfield></datafield><datafield tag="700" ind1="1" ind2=" "><subfield code="a">ANDERSEN, ALAN N.</subfield><subfield code="e">author</subfield></datafield><datafield tag="700" ind1="1" ind2=" "><subfield code="a">FRIZZO, TIAGO L. M.</subfield><subfield code="e">author</subfield></datafield><datafield tag="700" ind1="1" ind2=" "><subfield code="a">SPENA, KELLY C.</subfield><subfield code="e">author</subfield></datafield><datafield tag="773" ind1="0" ind2=" "><subfield code="t">Austral ecology.</subfield><subfield code="g">2011 Dec., v. 36, no. 8 p.983-992</subfield><subfield code="d">Blackwell Publishing Asia</subfield><subfield code="x">1442-9985</subfield><subfield code="7">nnas</subfield></datafield><datafield tag="787" ind1="1" ind2=" "><subfield code="o">islandora_article_repository</subfield></datafield><datafield tag="787" ind1="1" ind2=" "><subfield code="o">product_pubag</subfield></datafield><datafield tag="787" ind1="1" ind2=" "><subfield code="o">(Journal)jnl59958</subfield></datafield><datafield tag="856" ind1="4" ind2="0"><subfield code="u">http://dx.doi.org/10.1111/j.1442-9993.2011.02255.x</subfield></datafield><datafield tag="912" ind1=" " ind2=" "><subfield code="a">Article</subfield></datafield><datafield tag="914" ind1=" " ind2=" "><subfield code="a">Journal:jnl59958</subfield><subfield code="b">1442-9985</subfield><subfield code="c">36</subfield><subfield code="d">8</subfield><subfield code="e">983</subfield></datafield><datafield tag="914" ind1=" " ind2=" "><subfield code="f">Austral ecology</subfield></datafield><datafield tag="917" ind1=" " ind2=" "><subfield code="a">issued</subfield></datafield><datafield tag="918" ind1="2" ind2=" "><subfield code="a">John Wiley &amp; Sons, Inc</subfield><subfield code="e">provider</subfield><subfield code="5">DNAL</subfield></datafield><datafield tag="935" ind1=" " ind2=" "><subfield code="a">IND44763324</subfield><subfield code="9">ExL</subfield></datafield><datafield tag="949" ind1=" " ind2=" "><subfield code="a">2014-01-30</subfield></datafield><datafield tag="951" ind1=" " ind2=" "><subfield code="a">2012-07-27</subfield></datafield><datafield tag="953" ind1=" " ind2=" "><subfield code="a">14429985_2011_36_8.xml</subfield></datafield><datafield tag="962" ind1=" " ind2=" "><subfield code="a">Batch:426 annotated on 2014-01-27T13:16:56Z</subfield></datafield><datafield tag="962" ind1=" " ind2=" "><subfield code="a">Batch:426 reviewed on 2014-01-30T11:00:03Z</subfield></datafield><datafield tag="974" ind1=" " ind2=" "><subfield code="a">agid:558654</subfield></datafield></record>