<record><leader>02517nab a2200565 u 4500</leader><controlfield tag="001">9916103707807426</controlfield><controlfield tag="005">20221120022803.0</controlfield><controlfield tag="008">100313s2010 xx |||||o|||||||||||eng||</controlfield><datafield tag="" ind1="7" ind2=" "><subfield code="a">IND44337751</subfield><subfield code="2">DNAL</subfield></datafield><datafield tag="024" ind1="7" ind2=" "><subfield code="a">10.1111/j.1744-7429.2009.00551.x</subfield><subfield code="2">doi</subfield></datafield><datafield tag="035" ind1=" " ind2=" "><subfield code="a">agid:380404-01nal_inst</subfield></datafield><datafield tag="040" ind1=" " ind2=" "><subfield code="a">AGL</subfield><subfield code="b">eng</subfield><subfield code="c">AGL</subfield></datafield><datafield tag="100" ind1="1" ind2=" "><subfield code="a">Valenta, Kim</subfield><subfield code="e">author</subfield></datafield><datafield tag="245" ind1="1" ind2="0"><subfield code="a">Spatial Patterns of Seed Dispersal by White-Faced Capuchins in Costa Rica: Evaluating Distant-Dependent Seed Mortality</subfield></datafield><datafield tag="300" ind1=" " ind2=" "><subfield code="a">p. 223-228.</subfield></datafield><datafield tag="500" ind1=" " ind2=" "><subfield code="a">Includes references</subfield></datafield><datafield tag="520" ind1=" " ind2=" "><subfield code="a">Spatial patterns of seed dispersal are the focus of numerous theoretical examinations of endozoochory. Here, we examine the spatial pattern of seed dispersal by white-faced capuchin monkeys Cebus capucinus in Santa Rosa National Park, Costa Rica, and the neighborhood characteristics and distance variables most closely associated with seed survival and germination, and seedling survival and growth in various locations. Overall, distance to the nearest fruiting conspecific tree has the most positive, consistent effect on growth and survival variables, which supports a variation of the Janzen-Connell seed escape hypothesis.</subfield></datafield><datafield tag="593" ind1=" " ind2=" "><subfield code="a">PubAg article</subfield></datafield><datafield tag="650" ind1=" " ind2="3"><subfield code="a">Cebus</subfield></datafield><datafield tag="650" ind1=" " ind2="3"><subfield code="a">fruiting</subfield></datafield><datafield tag="650" ind1=" " ind2="3"><subfield code="a">germination</subfield></datafield><datafield tag="650" ind1=" " ind2="3"><subfield code="a">mortality</subfield></datafield><datafield tag="650" ind1=" " ind2="3"><subfield code="a">national parks</subfield></datafield><datafield tag="650" ind1=" " ind2="3"><subfield code="a">seed dispersal</subfield></datafield><datafield tag="650" ind1=" " ind2="3"><subfield code="a">seedlings</subfield></datafield><datafield tag="650" ind1=" " ind2="3"><subfield code="a">trees</subfield></datafield><datafield tag="651" ind1=" " ind2="3"><subfield code="a">Costa Rica</subfield></datafield><datafield tag="653" ind1=" " ind2="0"><subfield code="a">Cebus capucinus</subfield></datafield><datafield tag="653" ind1=" " ind2="0"><subfield code="a">Santa Rosa National Park</subfield></datafield><datafield tag="653" ind1=" " ind2="0"><subfield code="a">seed escape hypotheses</subfield></datafield><datafield tag="700" ind1="1" ind2=" "><subfield code="a">Fedigan, Linda M.</subfield><subfield code="e">author</subfield></datafield><datafield tag="773" ind1="0" ind2=" "><subfield code="t">Biotropica.</subfield><subfield code="g">2010 Mar., v. 42, no. 2 p.223-228</subfield><subfield code="d">Blackwell Publishing Inc</subfield><subfield code="w">Journal:jnl45461</subfield><subfield code="x">0006-3606</subfield><subfield code="7">nnas</subfield></datafield><datafield tag="787" ind1="1" ind2=" "><subfield code="o">islandora_article_repository</subfield></datafield><datafield tag="787" ind1="1" ind2=" "><subfield code="o">product_pubag</subfield></datafield><datafield tag="787" ind1="1" ind2=" "><subfield code="o">(Journal)jnl45461</subfield></datafield><datafield tag="852" ind1=" " ind2=" "><subfield code="a">DNAL</subfield></datafield><datafield tag="856" ind1="4" ind2="0"><subfield code="u">http://dx.doi.org/10.1111/j.1744-7429.2009.00551.x</subfield><subfield code="3">Available from publisher's Web site</subfield></datafield><datafield tag="912" ind1=" " ind2=" "><subfield code="a">Article</subfield></datafield><datafield tag="914" ind1=" " ind2=" "><subfield code="a">Journal:jnl45461</subfield><subfield code="b">0006-3606</subfield><subfield code="c">42</subfield><subfield code="d">2</subfield><subfield code="e">223</subfield></datafield><datafield tag="914" ind1=" " ind2=" "><subfield code="f">Biotropica</subfield></datafield><datafield tag="917" ind1=" " ind2=" "><subfield code="a">issued</subfield></datafield><datafield tag="935" ind1=" " ind2=" "><subfield code="a">IND44337751</subfield><subfield code="9">ExL</subfield></datafield><datafield tag="949" ind1=" " ind2=" "><subfield code="a">2014-07-22</subfield></datafield><datafield tag="962" ind1=" " ind2=" "><subfield code="a">Batch:575 annotated on 2014-06-11T07:22:37Z</subfield></datafield><datafield tag="962" ind1=" " ind2=" "><subfield code="a">Batch:575 reviewed on 2014-07-22T08:52:51Z</subfield></datafield><datafield tag="962" ind1=" " ind2=" "><subfield code="a">Batch:575 reviewed on 2014-07-22T09:42:08Z</subfield></datafield><datafield tag="974" ind1=" " ind2=" "><subfield code="a">agid:380404</subfield></datafield><datafield tag="984" ind1=" " ind2=" "><subfield code="a">2015-05-18</subfield></datafield><datafield tag="985" ind1=" " ind2=" "><subfield code="a">Converted from MARCXML to MODS version 3.4 using MARC21slim2MODS3-4.xsl (Revision 1.94 2014/02/21)</subfield></datafield><datafield tag="986" ind1=" " ind2=" "><subfield code="a">4337751</subfield></datafield></record>