<record><leader>03091nab a2200577 u 4500</leader><controlfield tag="001">9916103730607426</controlfield><controlfield tag="005">20221120033708.0</controlfield><controlfield tag="008">990823e199806 mdu|||||o|||||||||||eng||</controlfield><datafield tag="" ind1="7" ind2=" "><subfield code="a">IND22002340</subfield><subfield code="2">DNAL</subfield></datafield><datafield tag="035" ind1=" " ind2=" "><subfield code="a">agid:3589627-01nal_inst</subfield></datafield><datafield tag="040" ind1=" " ind2=" "><subfield code="a">AGL</subfield><subfield code="b">eng</subfield><subfield code="c">AGL</subfield></datafield><datafield tag="100" ind1="1" ind2=" "><subfield code="a">Larson, B.C.</subfield></datafield><datafield tag="245" ind1="1" ind2="0"><subfield code="a">Some relationships between silvicultural treatments and symmetry of stem growth in a red pine stand</subfield></datafield><datafield tag="300" ind1=" " ind2=" "><subfield code="a">p. 9-93.</subfield></datafield><datafield tag="500" ind1=" " ind2=" "><subfield code="a">2019-12-05</subfield></datafield><datafield tag="520" ind1=" " ind2=" "><subfield code="a">Variations in spacing and the distribution of removed trees have been assumed to affect the pattern of growth on tree boles. Changing crown shapes were believed to affect the symmetry of the stems. This study examined the change of growing space resulting from differential species' growth in a mixed stand. A red pine (Pinus resinosa Ait.) plantation in southern New Hampshire was planted at 2 X 2 m spacing in 1917. At one end of the stand every second row was planted with white pine (Pinus strobus L.), whereas the other end of the stand was pure red pine. In the mixed portion of the stand, the red pine outgrew the white pine, overtopping and often killing it. The mixed stand was thinned in the 1970s and the pure stand in the 1980s for a variety of products which opened more crown room for some of the trees. We compared growth increments along perpendicular axes to determine if asymmetry was consistent at different bole heights. The study did not show asymmetric boles at age 50 and did not have asymmetric growth patterns attributable to the earlier history up to stand age 70. When current crown shape was compared to current growth there was no relationship between asymmetric crowns and asymmetric growth. Provided the asymmetry is not maintained throughout the entire rotation, silvicultural treatments which greatly affect the stand spatial pattern may not have a lasting effect on the symmetry of the boles.</subfield></datafield><datafield tag="650" ind1=" " ind2="3"><subfield code="a">diameter</subfield></datafield><datafield tag="650" ind1=" " ind2="3"><subfield code="a">stem form</subfield></datafield><datafield tag="650" ind1=" " ind2="3"><subfield code="a">stems</subfield></datafield><datafield tag="650" ind1=" " ind2="3"><subfield code="a">mixed forests</subfield></datafield><datafield tag="650" ind1=" " ind2="3"><subfield code="a">spatial distribution</subfield></datafield><datafield tag="650" ind1=" " ind2="3"><subfield code="a">tree age</subfield></datafield><datafield tag="650" ind1=" " ind2="3"><subfield code="a">tree trunk</subfield></datafield><datafield tag="650" ind1=" " ind2="3"><subfield code="a">stand density</subfield></datafield><datafield tag="650" ind1=" " ind2="3"><subfield code="a">Pinus strobus</subfield></datafield><datafield tag="650" ind1=" " ind2="3"><subfield code="a">Pinus resinosa</subfield></datafield><datafield tag="650" ind1=" " ind2="3"><subfield code="a">silvicultural systems</subfield></datafield><datafield tag="651" ind1=" " ind2="3"><subfield code="a">New Hampshire</subfield></datafield><datafield tag="653" ind1=" " ind2="0"><subfield code="a">growth rate</subfield></datafield><datafield tag="653" ind1=" " ind2="0"><subfield code="a">crown</subfield></datafield><datafield tag="653" ind1=" " ind2="0"><subfield code="a">stand characteristics</subfield></datafield><datafield tag="653" ind1=" " ind2="0"><subfield code="a">growth</subfield></datafield><datafield tag="700" ind1="1" ind2=" "><subfield code="a">Moser, W.K.</subfield></datafield><datafield tag="700" ind1="1" ind2=" "><subfield code="a">Mishra, V.K.</subfield></datafield><datafield tag="773" ind1="0" ind2=" "><subfield code="t">Northern journal of applied forestry.</subfield><subfield code="g">1998 June, v. 15, no. 2 p.9-93</subfield><subfield code="x">0742-6348</subfield><subfield code="7">nnas</subfield></datafield><datafield tag="787" ind1="1" ind2=" "><subfield code="o">islandora_article_repository</subfield></datafield><datafield tag="787" ind1="1" ind2=" "><subfield code="o">(Journal)21030</subfield></datafield><datafield tag="852" ind1=" " ind2=" "><subfield code="a">DNAL</subfield></datafield><datafield tag="912" ind1=" " ind2=" "><subfield code="a">Article</subfield></datafield><datafield tag="914" ind1=" " ind2=" "><subfield code="a">Journal:21030</subfield></datafield><datafield tag="914" ind1=" " ind2=" "><subfield code="f">Northern j. appl. for</subfield></datafield><datafield tag="917" ind1=" " ind2=" "><subfield code="a">issued</subfield></datafield><datafield tag="930" ind1=" " ind2=" "><subfield code="a">19991003</subfield><subfield code="b">19991007</subfield><subfield code="c">00000000</subfield></datafield><datafield tag="935" ind1=" " ind2=" "><subfield code="a">IND22002340</subfield><subfield code="9">ExL</subfield></datafield><datafield tag="945" ind1=" " ind2=" "><subfield code="a">IND</subfield><subfield code="d">CTR</subfield></datafield><datafield tag="946" ind1=" " ind2=" "><subfield code="a">Other US</subfield></datafield><datafield tag="952" ind1=" " ind2=" "><subfield code="a">19991003 19991007 00000000</subfield><subfield code="b">IND CTR </subfield></datafield><datafield tag="974" ind1=" " ind2=" "><subfield code="a">agid:3589627</subfield></datafield><datafield tag="984" ind1=" " ind2=" "><subfield code="a">2014-12-25</subfield></datafield><datafield tag="985" ind1=" " ind2=" "><subfield code="a">Converted from MARCXML to MODS version 3.4 using MARC21slim2MODS3-4.xsl (Revision 1.95 2014/04/23)</subfield></datafield><datafield tag="986" ind1=" " ind2=" "><subfield code="a">3359875</subfield></datafield></record>