<record><leader>03172nab a2200565 u 4500</leader><controlfield tag="001">9916104594807426</controlfield><controlfield tag="005">20221120140922.0</controlfield><controlfield tag="008">030609e200207 onc|||||o|||||||||||eng||</controlfield><datafield tag="" ind1="7" ind2=" "><subfield code="a">IND23329741</subfield><subfield code="2">DNAL</subfield></datafield><datafield tag="024" ind1="7" ind2=" "><subfield code="a">10.1139/x02-051</subfield><subfield code="2">doi</subfield></datafield><datafield tag="035" ind1=" " ind2=" "><subfield code="a">agid:1407237-01nal_inst</subfield></datafield><datafield tag="040" ind1=" " ind2=" "><subfield code="a">AGL</subfield><subfield code="b">eng</subfield><subfield code="c">AGL</subfield></datafield><datafield tag="100" ind1="1" ind2=" "><subfield code="a">Miyanishi, K.</subfield></datafield><datafield tag="245" ind1="1" ind2="0"><subfield code="a">Process and patterns of duff consumption in the mixedwood boreal forest</subfield></datafield><datafield tag="300" ind1=" " ind2=" "><subfield code="a">p. 1285-1295.</subfield></datafield><datafield tag="500" ind1=" " ind2=" "><subfield code="a">Summary in French.</subfield></datafield><datafield tag="520" ind1=" " ind2=" "><subfield code="a">Postfire tree recruitment in the boreal forest is restricted to patches from which the duff (organic layer) has been removed by fire. Duff consumption occurs by smoldering combustion, propagation of which is determined by bulk density, moisture content, and depth. This study investigated interactions among these factors, their spatial distribution, and spatial patterns of duff consumption in two wildfires. A hypothesized positive relationship between moisture content and depth was supported by a laboratory study. Duff characteristic data were collected from two burns and comparable unburned areas of mixedwood forest in western Canada to describe and explain patterns of duff consumption within and between top-slope Pinus banksiana Lamb.-Picea mariana (Mill.) BSP stands and lower slope pure stands of Picea mariana on glaciofluvial hillslopes. In unburned stands, bulk density did not differ significantly between stands, while depths were significantly greater in Picea stands. With moist duff, consumption was significantly greater in Picea than in Pinus-Picea stands as depth limited smoldering in the thin duff of Pinus-Picea stands. With dry duff, smoldering was propagated regardless of depth resulting in no differences between stand types. The spatial correlation between burned patches and fire-killed trees was explained by within-stand spatial variation in duff moisture due to precipitation interception by tree crowns.</subfield></datafield><datafield tag="593" ind1=" " ind2=" "><subfield code="a">PubAg article</subfield></datafield><datafield tag="650" ind1=" " ind2="3"><subfield code="a">boreal forests</subfield></datafield><datafield tag="650" ind1=" " ind2="3"><subfield code="a">mixed forests</subfield></datafield><datafield tag="650" ind1=" " ind2="3"><subfield code="a">forest litter</subfield></datafield><datafield tag="650" ind1=" " ind2="3"><subfield code="a">chemical composition</subfield></datafield><datafield tag="650" ind1=" " ind2="3"><subfield code="a">bulk density</subfield></datafield><datafield tag="650" ind1=" " ind2="3"><subfield code="a">soil water content</subfield></datafield><datafield tag="650" ind1=" " ind2="3"><subfield code="a">depth</subfield></datafield><datafield tag="650" ind1=" " ind2="3"><subfield code="a">spatial distribution</subfield></datafield><datafield tag="650" ind1=" " ind2="3"><subfield code="a">wildland fire management</subfield></datafield><datafield tag="650" ind1=" " ind2="3"><subfield code="a">Pinus banksiana</subfield></datafield><datafield tag="650" ind1=" " ind2="3"><subfield code="a">Picea mariana</subfield></datafield><datafield tag="651" ind1=" " ind2="3"><subfield code="a">Saskatchewan</subfield></datafield><datafield tag="700" ind1="1" ind2=" "><subfield code="a">Johnson, E.A.</subfield></datafield><datafield tag="773" ind1="0" ind2=" "><subfield code="t">Canadian journal of forest research =.</subfield><subfield code="g">2002 July, v. 32, no. 7 p.1285-1295</subfield><subfield code="x">0045-5067</subfield><subfield code="7">nnas</subfield></datafield><datafield tag="787" ind1="1" ind2=" "><subfield code="o">islandora_article_repository</subfield></datafield><datafield tag="787" ind1="1" ind2=" "><subfield code="o">product_pubag</subfield></datafield><datafield tag="787" ind1="1" ind2=" "><subfield code="o">(Journal)jnl2003</subfield></datafield><datafield tag="852" ind1=" " ind2=" "><subfield code="a">DNAL</subfield></datafield><datafield tag="856" ind1="4" ind2="0"><subfield code="u">http://dx.doi.org/10.1139/x02-051</subfield><subfield code="3">Available from publisher's Web site</subfield></datafield><datafield tag="912" ind1=" " ind2=" "><subfield code="a">Article</subfield></datafield><datafield tag="914" ind1=" " ind2=" "><subfield code="a">Journal:jnl2003</subfield></datafield><datafield tag="914" ind1=" " ind2=" "><subfield code="f">Can. j. for. res</subfield></datafield><datafield tag="917" ind1=" " ind2=" "><subfield code="a">issued</subfield></datafield><datafield tag="930" ind1=" " ind2=" "><subfield code="a">20030801</subfield><subfield code="b">20030801</subfield><subfield code="c">00000000</subfield></datafield><datafield tag="935" ind1=" " ind2=" "><subfield code="a">IND23329741</subfield><subfield code="9">ExL</subfield></datafield><datafield tag="945" ind1=" " ind2=" "><subfield code="a">IND</subfield><subfield code="d">CTR</subfield></datafield><datafield tag="946" ind1=" " ind2=" "><subfield code="a">Non-US</subfield></datafield><datafield tag="952" ind1=" " ind2=" "><subfield code="a">20030801 20030801 00000000</subfield><subfield code="b">IND CTR </subfield></datafield><datafield tag="974" ind1=" " ind2=" "><subfield code="a">agid:1407237</subfield></datafield><datafield tag="984" ind1=" " ind2=" "><subfield code="a">2014-12-25</subfield></datafield><datafield tag="985" ind1=" " ind2=" "><subfield code="a">Converted from MARCXML to MODS version 3.4 using MARC21slim2MODS3-4.xsl (Revision 1.95 2014/04/23)</subfield></datafield><datafield tag="986" ind1=" " ind2=" "><subfield code="a">3387664</subfield></datafield></record>