<record><leader>03154nab a2200577 u 4500</leader><controlfield tag="001">9916105209207426</controlfield><controlfield tag="005">20221121225158.0</controlfield><controlfield tag="008">030425e200211 onc|||||o|||||||||||eng||</controlfield><datafield tag="" ind1="7" ind2=" "><subfield code="a">IND23322161</subfield><subfield code="2">DNAL</subfield></datafield><datafield tag="024" ind1="7" ind2=" "><subfield code="a">10.1139/x02-133</subfield><subfield code="2">doi</subfield></datafield><datafield tag="035" ind1=" " ind2=" "><subfield code="a">agid:1407187-01nal_inst</subfield></datafield><datafield tag="040" ind1=" " ind2=" "><subfield code="a">AGL</subfield><subfield code="b">eng</subfield><subfield code="c">AGL</subfield></datafield><datafield tag="100" ind1="1" ind2=" "><subfield code="a">Black, B.A.</subfield></datafield><datafield tag="245" ind1="1" ind2="0"><subfield code="a">Combining environmentally dependent and independent analyses of witness tree data in east-central Alabama</subfield></datafield><datafield tag="300" ind1=" " ind2=" "><subfield code="a">p. 2060-2075.</subfield></datafield><datafield tag="500" ind1=" " ind2=" "><subfield code="a">Summary in French.</subfield></datafield><datafield tag="500" ind1=" " ind2=" "><subfield code="a">2019-12-04</subfield></datafield><datafield tag="520" ind1=" " ind2=" "><subfield code="a">We reconstructed pre-European settlement forest composition across 13 000 km2 of east-central Alabama using 43 610 witness trees recorded in the original Public Land Surveys. First, we interpolated the witness tree data to estimate broad-scale vegetation patterns. Next, we conducted species-site analysis on landforms, an approach that was dependent on underlying environmental variables yet better resolved fine-scale vegetation patterns. East-central Alabama was dominated by three community types: oak-hickory across the Piedmont physiographic province and valleys of the Ridge and Valley province, pine - blackjack oak on the Coastal Plain province and ridges of the Ridge and Valley province, and white oak - mixed mesophytic in stream valleys and floodplains. Witness tree concentration (trees/km2) was highly uniform across much of the study area. However, there was an unusually low concentration of witness trees in the southwestern corner of the study area, and an unusually high concentration in stream valleys. Another irregularity was the inability of surveyors to distinguish black oak and red oak. Overall, the interpolations provided an unbiased, yet broad-scale estimate of forest composition, while the species-landform analysis greatly increased resolution of forest cover despite the subjectivity of defining environmental variables a priori.</subfield></datafield><datafield tag="593" ind1=" " ind2=" "><subfield code="a">PubAg article</subfield></datafield><datafield tag="650" ind1=" " ind2="3"><subfield code="a">forest trees</subfield></datafield><datafield tag="650" ind1=" " ind2="3"><subfield code="a">plant communities</subfield></datafield><datafield tag="650" ind1=" " ind2="3"><subfield code="a">botanical composition</subfield></datafield><datafield tag="650" ind1=" " ind2="3"><subfield code="a">data analysis</subfield></datafield><datafield tag="650" ind1=" " ind2="3"><subfield code="a">spatial variation</subfield></datafield><datafield tag="650" ind1=" " ind2="3"><subfield code="a">forests</subfield></datafield><datafield tag="651" ind1=" " ind2="3"><subfield code="a">Alabama</subfield></datafield><datafield tag="653" ind1=" " ind2="0"><subfield code="a">identification</subfield></datafield><datafield tag="653" ind1=" " ind2="0"><subfield code="a">site factors</subfield></datafield><datafield tag="653" ind1=" " ind2="0"><subfield code="a">patterns</subfield></datafield><datafield tag="653" ind1=" " ind2="0"><subfield code="a">vegetation</subfield></datafield><datafield tag="700" ind1="1" ind2=" "><subfield code="a">Foster, H.T.</subfield></datafield><datafield tag="700" ind1="1" ind2=" "><subfield code="a">Abrams, M.D.</subfield></datafield><datafield tag="773" ind1="0" ind2=" "><subfield code="t">Canadian journal of forest research.</subfield><subfield code="g">2002 Nov., v. 32, no. 11 p.2060-2075</subfield><subfield code="w">Journal:jnl2003</subfield><subfield code="x">0045-5067</subfield><subfield code="7">nnas</subfield></datafield><datafield tag="787" ind1="1" ind2=" "><subfield code="o">islandora_article_repository</subfield></datafield><datafield tag="787" ind1="1" ind2=" "><subfield code="o">product_pubag</subfield></datafield><datafield tag="787" ind1="1" ind2=" "><subfield code="o">(Journal)jnl2003</subfield></datafield><datafield tag="852" ind1=" " ind2=" "><subfield code="a">DNAL</subfield></datafield><datafield tag="856" ind1="4" ind2="0"><subfield code="u">http://dx.doi.org/10.1139/x02-133</subfield><subfield code="3">Available from publisher's Web site</subfield></datafield><datafield tag="912" ind1=" " ind2=" "><subfield code="a">Article</subfield></datafield><datafield tag="914" ind1=" " ind2=" "><subfield code="a">Journal:jnl2003</subfield><subfield code="c">32</subfield><subfield code="d">11</subfield><subfield code="e">2060</subfield></datafield><datafield tag="914" ind1=" " ind2=" "><subfield code="f">Can. j. for. res</subfield></datafield><datafield tag="917" ind1=" " ind2=" "><subfield code="a">issued</subfield></datafield><datafield tag="930" ind1=" " ind2=" "><subfield code="a">20030627</subfield><subfield code="b">20030708</subfield><subfield code="c">00000000</subfield></datafield><datafield tag="935" ind1=" " ind2=" "><subfield code="a">IND23322161</subfield><subfield code="9">ExL</subfield></datafield><datafield tag="945" ind1=" " ind2=" "><subfield code="a">IND</subfield><subfield code="d">CTR</subfield></datafield><datafield tag="946" ind1=" " ind2=" "><subfield code="a">Non-US</subfield></datafield><datafield tag="952" ind1=" " ind2=" "><subfield code="a">20030627 20030708 00000000</subfield><subfield code="b">IND CTR </subfield></datafield><datafield tag="974" ind1=" " ind2=" "><subfield code="a">agid:1407187</subfield></datafield><datafield tag="984" ind1=" " ind2=" "><subfield code="a">2019-05-06</subfield></datafield><datafield tag="985" ind1=" " ind2=" "><subfield code="a">Converted from MARCXML to MODS version 3.4 using MARC21slim2MODS3-4.xsl (Revision 1.95 2014/04/23)</subfield></datafield><datafield tag="986" ind1=" " ind2=" "><subfield code="a">3387484</subfield></datafield></record>