<record><leader>02896nab a2200661 u 4500</leader><controlfield tag="001">9916105271207426</controlfield><controlfield tag="005">20221122061053.0</controlfield><controlfield tag="008">030328e200208 onc|||||o|||||||||||eng||</controlfield><datafield tag="" ind1="7" ind2=" "><subfield code="a">IND23316747</subfield><subfield code="2">DNAL</subfield></datafield><datafield tag="024" ind1="7" ind2=" "><subfield code="a">10.1139/x02-079</subfield><subfield code="2">doi</subfield></datafield><datafield tag="035" ind1=" " ind2=" "><subfield code="a">agid:1407166-01nal_inst</subfield></datafield><datafield tag="040" ind1=" " ind2=" "><subfield code="a">AGL</subfield><subfield code="b">eng</subfield><subfield code="c">AGL</subfield></datafield><datafield tag="100" ind1="1" ind2=" "><subfield code="a">Sharma, M.</subfield></datafield><datafield tag="245" ind1="1" ind2="0"><subfield code="a">Spacing rectangularity effect on the growth of loblolly pine plantations</subfield></datafield><datafield tag="300" ind1=" " ind2=" "><subfield code="a">p. 1451-1459.</subfield></datafield><datafield tag="500" ind1=" " ind2=" "><subfield code="a">Summary in French.</subfield></datafield><datafield tag="500" ind1=" " ind2=" "><subfield code="a">2019-12-04</subfield></datafield><datafield tag="520" ind1=" " ind2=" "><subfield code="a">The effect of spacing rectangularity on tree growth and stand development was evaluated using tree data obtained annually from a loblolly pine (Pinus taeda L.) spacing trial monitored through age 16 years. In this trial, plots with an initial planting density of 2240 trees/ha occur at slightly and highly rectangular spacings. Spacings with rectangularities 3:4 and 1:3 were used to evaluate the rectangularity effect. Survival and the development of height, diameter, volume per hectare, and basal area per hectare of loblolly pine trees were not affected by rectangularity. Diameter and height distributions were found to be a function of age but not a function of the rectangularity of initial spacing. Crown width, however, was affected by rectangularity. The crown width was larger at larger row or column distance than at smaller row or column distance, but the ratio of crown widths between and within rows was not equal to the rectangularity of the original planting spacing.</subfield></datafield><datafield tag="593" ind1=" " ind2=" "><subfield code="a">PubAg article</subfield></datafield><datafield tag="650" ind1=" " ind2="3"><subfield code="a">forest plantations</subfield></datafield><datafield tag="650" ind1=" " ind2="3"><subfield code="a">plant development</subfield></datafield><datafield tag="650" ind1=" " ind2="3"><subfield code="a">volume</subfield></datafield><datafield tag="650" ind1=" " ind2="3"><subfield code="a">tree age</subfield></datafield><datafield tag="650" ind1=" " ind2="3"><subfield code="a">spatial distribution</subfield></datafield><datafield tag="650" ind1=" " ind2="3"><subfield code="a">height</subfield></datafield><datafield tag="650" ind1=" " ind2="3"><subfield code="a">stand density</subfield></datafield><datafield tag="650" ind1=" " ind2="3"><subfield code="a">Pinus taeda</subfield></datafield><datafield tag="650" ind1=" " ind2="3"><subfield code="a">stand basal area</subfield></datafield><datafield tag="650" ind1=" " ind2="3"><subfield code="a">mortality</subfield></datafield><datafield tag="650" ind1=" " ind2="3"><subfield code="a">width</subfield></datafield><datafield tag="651" ind1=" " ind2="3"><subfield code="a">Virginia</subfield></datafield><datafield tag="651" ind1=" " ind2="3"><subfield code="a">North Carolina</subfield></datafield><datafield tag="653" ind1=" " ind2="0"><subfield code="a">plant characteristics</subfield></datafield><datafield tag="653" ind1=" " ind2="0"><subfield code="a">crown</subfield></datafield><datafield tag="653" ind1=" " ind2="0"><subfield code="a">basal area</subfield></datafield><datafield tag="653" ind1=" " ind2="0"><subfield code="a">growth</subfield></datafield><datafield tag="653" ind1=" " ind2="0"><subfield code="a">patterns</subfield></datafield><datafield tag="700" ind1="1" ind2=" "><subfield code="a">Burkhart, H.E.</subfield></datafield><datafield tag="700" ind1="1" ind2=" "><subfield code="a">Amateis, R.L.</subfield></datafield><datafield tag="773" ind1="0" ind2=" "><subfield code="t">Canadian journal of forest research =.</subfield><subfield code="g">2002 Aug., v. 32, no. 8 p.1451-1459</subfield><subfield code="x">0045-5067</subfield><subfield code="7">nnas</subfield></datafield><datafield tag="787" ind1="1" ind2=" "><subfield code="o">islandora_article_repository</subfield></datafield><datafield tag="787" ind1="1" ind2=" "><subfield code="o">product_pubag</subfield></datafield><datafield tag="787" ind1="1" ind2=" "><subfield code="o">(Journal)jnl2003</subfield></datafield><datafield tag="852" ind1=" " ind2=" "><subfield code="a">DNAL</subfield></datafield><datafield tag="856" ind1="4" ind2="0"><subfield code="u">http://dx.doi.org/10.1139/x02-079</subfield><subfield code="3">Available from publisher's Web site</subfield></datafield><datafield tag="912" ind1=" " ind2=" "><subfield code="a">Article</subfield></datafield><datafield tag="914" ind1=" " ind2=" "><subfield code="a">Journal:jnl2003</subfield></datafield><datafield tag="914" ind1=" " ind2=" "><subfield code="f">Can. j. for. res</subfield></datafield><datafield tag="917" ind1=" " ind2=" "><subfield code="a">issued</subfield></datafield><datafield tag="930" ind1=" " ind2=" "><subfield code="a">20030602</subfield><subfield code="b">20030603</subfield><subfield code="c">00000000</subfield></datafield><datafield tag="935" ind1=" " ind2=" "><subfield code="a">IND23316747</subfield><subfield code="9">ExL</subfield></datafield><datafield tag="945" ind1=" " ind2=" "><subfield code="a">IND</subfield><subfield code="d">CTR</subfield></datafield><datafield tag="946" ind1=" " ind2=" "><subfield code="a">Non-US</subfield></datafield><datafield tag="952" ind1=" " ind2=" "><subfield code="a">20030602 20030603 00000000</subfield><subfield code="b">IND CTR </subfield></datafield><datafield tag="974" ind1=" " ind2=" "><subfield code="a">agid:1407166</subfield></datafield><datafield tag="984" ind1=" " ind2=" "><subfield code="a">2014-12-25</subfield></datafield><datafield tag="985" ind1=" " ind2=" "><subfield code="a">Converted from MARCXML to MODS version 3.4 using MARC21slim2MODS3-4.xsl (Revision 1.95 2014/04/23)</subfield></datafield><datafield tag="986" ind1=" " ind2=" "><subfield code="a">3387315</subfield></datafield></record>