<record><leader>03298nab a2200613 u 4500</leader><controlfield tag="001">9916105275407426</controlfield><controlfield tag="005">20221122060935.0</controlfield><controlfield tag="008">030425e200211 onc|||||o|||||||||||eng||</controlfield><datafield tag="" ind1="7" ind2=" "><subfield code="a">IND23322139</subfield><subfield code="2">DNAL</subfield></datafield><datafield tag="024" ind1="7" ind2=" "><subfield code="a">10.1139/x02-116</subfield><subfield code="2">doi</subfield></datafield><datafield tag="035" ind1=" " ind2=" "><subfield code="a">agid:1407175-01nal_inst</subfield></datafield><datafield tag="040" ind1=" " ind2=" "><subfield code="a">AGL</subfield><subfield code="b">eng</subfield><subfield code="c">AGL</subfield></datafield><datafield tag="100" ind1="1" ind2=" "><subfield code="a">Antos, J.A.</subfield></datafield><datafield tag="245" ind1="1" ind2="0"><subfield code="a">Dynamics of an old-growth, fire-initiated, subalpine forest in southern interior British Columbia: tree size, age, and spatial structure</subfield></datafield><datafield tag="300" ind1=" " ind2=" "><subfield code="a">p. 1935-1946.</subfield></datafield><datafield tag="500" ind1=" " ind2=" "><subfield code="a">Summary in French.</subfield></datafield><datafield tag="500" ind1=" " ind2=" "><subfield code="a">2019-12-04</subfield></datafield><datafield tag="520" ind1=" " ind2=" "><subfield code="a">We used dendrochronological analysis of over 2000 trees in four 50 x 50 m plots to reconstruct the history and dynamics of a 330-year-old, fire-initiated spruce-fir forest. All lodgepole pine (Pinus contorta Dougl. ex Loud.), half of the canopy Engelmann spruce (Picea engelmannii Parry ex Engelm.), but less than 10% of the canopy subalpine fir (Abies lasiocarpa (Hook.) Nutt.) dated from the first 50 years of stand development. Tree-ring patterns of individual surviving trees showed no evidence of disturbance during the first 200 years after stand initiation; subsequently, episodes of disturbance are indicated by periods of release in understory fir. Although many fir owe their canopy position to release after disturbance, few canopy fir in the current stand established in response to either the stand-initiating event or subsequent partial disturbances. A seedling bank of long-lived fir appears critical to the dynamics of this forest. In contrast, establishment of almost all canopy spruce can be related to disturbance. This stand, although fire initiated, was structured primarily by a combination of partial disturbances and autogenic processes. We suspect that most old, fire-initiated stands in many forest regions are similarly structured and emphasize that the contribution of partial disturbances and autogenic processes should be fully assessed when examining their dynamics or managing such forests.</subfield></datafield><datafield tag="593" ind1=" " ind2=" "><subfield code="a">PubAg article</subfield></datafield><datafield tag="650" ind1=" " ind2="3"><subfield code="a">history</subfield></datafield><datafield tag="650" ind1=" " ind2="3"><subfield code="a">Picea engelmannii</subfield></datafield><datafield tag="650" ind1=" " ind2="3"><subfield code="a">growth rings</subfield></datafield><datafield tag="650" ind1=" " ind2="3"><subfield code="a">Abies lasiocarpa</subfield></datafield><datafield tag="650" ind1=" " ind2="3"><subfield code="a">canopy</subfield></datafield><datafield tag="650" ind1=" " ind2="3"><subfield code="a">tree age</subfield></datafield><datafield tag="650" ind1=" " ind2="3"><subfield code="a">spatial distribution</subfield></datafield><datafield tag="650" ind1=" " ind2="3"><subfield code="a">seedlings</subfield></datafield><datafield tag="650" ind1=" " ind2="3"><subfield code="a">Pinus contorta</subfield></datafield><datafield tag="650" ind1=" " ind2="3"><subfield code="a">dendrochronology</subfield></datafield><datafield tag="650" ind1=" " ind2="3"><subfield code="a">stand structure</subfield></datafield><datafield tag="650" ind1=" " ind2="3"><subfield code="a">understory</subfield></datafield><datafield tag="650" ind1=" " ind2="3"><subfield code="a">forests</subfield></datafield><datafield tag="651" ind1=" " ind2="3"><subfield code="a">British Columbia</subfield></datafield><datafield tag="653" ind1=" " ind2="0"><subfield code="a">recruitment</subfield></datafield><datafield tag="700" ind1="1" ind2=" "><subfield code="a">Parish, R.</subfield></datafield><datafield tag="773" ind1="0" ind2=" "><subfield code="t">Canadian journal of forest research =.</subfield><subfield code="g">2002 Nov., v. 32, no. 11 p.1935-1946</subfield><subfield code="x">0045-5067</subfield><subfield code="7">nnas</subfield></datafield><datafield tag="787" ind1="1" ind2=" "><subfield code="o">islandora_article_repository</subfield></datafield><datafield tag="787" ind1="1" ind2=" "><subfield code="o">product_pubag</subfield></datafield><datafield tag="787" ind1="1" ind2=" "><subfield code="o">(Journal)jnl2003</subfield></datafield><datafield tag="852" ind1=" " ind2=" "><subfield code="a">DNAL</subfield></datafield><datafield tag="856" ind1="4" ind2="0"><subfield code="u">http://dx.doi.org/10.1139/x02-116</subfield><subfield code="3">Available from publisher's Web site</subfield></datafield><datafield tag="912" ind1=" " ind2=" "><subfield code="a">Article</subfield></datafield><datafield tag="914" ind1=" " ind2=" "><subfield code="a">Journal:jnl2003</subfield></datafield><datafield tag="914" ind1=" " ind2=" "><subfield code="f">Can. j. for. res</subfield></datafield><datafield tag="917" ind1=" " ind2=" "><subfield code="a">issued</subfield></datafield><datafield tag="930" ind1=" " ind2=" "><subfield code="a">20030627</subfield><subfield code="b">20030708</subfield><subfield code="c">00000000</subfield></datafield><datafield tag="935" ind1=" " ind2=" "><subfield code="a">IND23322139</subfield><subfield code="9">ExL</subfield></datafield><datafield tag="945" ind1=" " ind2=" "><subfield code="a">IND</subfield><subfield code="d">CTR</subfield></datafield><datafield tag="946" ind1=" " ind2=" "><subfield code="a">Non-US</subfield></datafield><datafield tag="952" ind1=" " ind2=" "><subfield code="a">20030627 20030708 00000000</subfield><subfield code="b">IND CTR </subfield></datafield><datafield tag="974" ind1=" " ind2=" "><subfield code="a">agid:1407175</subfield></datafield><datafield tag="984" ind1=" " ind2=" "><subfield code="a">2014-12-25</subfield></datafield><datafield tag="985" ind1=" " ind2=" "><subfield code="a">Converted from MARCXML to MODS version 3.4 using MARC21slim2MODS3-4.xsl (Revision 1.95 2014/04/23)</subfield></datafield><datafield tag="986" ind1=" " ind2=" "><subfield code="a">3387472</subfield></datafield></record>