<record><leader>03355nab a2200637 u 4500</leader><controlfield tag="001">9916105282407426</controlfield><controlfield tag="005">20221123015903.0</controlfield><controlfield tag="008">030425e200211 onc|||||o|||||||||||eng||</controlfield><datafield tag="" ind1="7" ind2=" "><subfield code="a">IND23322148</subfield><subfield code="2">DNAL</subfield></datafield><datafield tag="024" ind1="7" ind2=" "><subfield code="a">10.1139/x02-087</subfield><subfield code="2">doi</subfield></datafield><datafield tag="035" ind1=" " ind2=" "><subfield code="a">agid:1407179-01nal_inst</subfield></datafield><datafield tag="040" ind1=" " ind2=" "><subfield code="a">AGL</subfield><subfield code="b">eng</subfield><subfield code="c">AGL</subfield></datafield><datafield tag="100" ind1="1" ind2=" "><subfield code="a">Battaglia, M.A.</subfield></datafield><datafield tag="245" ind1="1" ind2="4"><subfield code="a">The effect of spatially variable overstory on the understory light environment of an open-canopied longleaf pine forest</subfield></datafield><datafield tag="300" ind1=" " ind2=" "><subfield code="a">p. 1984-1991.</subfield></datafield><datafield tag="500" ind1=" " ind2=" "><subfield code="a">Summary in French.</subfield></datafield><datafield tag="500" ind1=" " ind2=" "><subfield code="a">2019-12-04</subfield></datafield><datafield tag="520" ind1=" " ind2=" "><subfield code="a">Spatial aggregation of forest structure strongly regulates understory light and its spatial variation in longleaf pine (Pinus palustris Mill.) forest ecosystems. Previous studies have demonstrated that light availability strongly influences longleaf pine seedling growth. In this study, the relationship between spatial structure of a longleaf pine forest and spatial pattern of understory light availability were investigated by comparing three retention harvest treatments: single-tree, small-group, large-group, and an uncut control. The harvests retained similar residual basal area but the spatial patterns of the residual trees differed. Hemispherical photographs were taken at 300 stations to calculate gap light index (GLI), an estimate of understory light availability. Stand-level mean, variation, and spatial distribution of GLI were determined for each treatment. By aggregating residual trees, stand mean GLI increased by 20%, as well as its spatial variation. Spatial autocorrelation of GLI increased as the size of the canopy gaps increased and the gaps were better defined; thus, the predictability of GLI was enhanced. The ranges of detrended semivariograms were increased from the control to the large-group harvest indicating the spatial patterns of understory GLI became coarser textured. Our results demonstrated that aggregated canopy structure of longleaf pine forest will facilitate longleaf pine seedling regeneration.</subfield></datafield><datafield tag="593" ind1=" " ind2=" "><subfield code="a">PubAg article</subfield></datafield><datafield tag="650" ind1=" " ind2="3"><subfield code="a">logging</subfield></datafield><datafield tag="650" ind1=" " ind2="3"><subfield code="a">canopy</subfield></datafield><datafield tag="650" ind1=" " ind2="3"><subfield code="a">forests</subfield></datafield><datafield tag="650" ind1=" " ind2="3"><subfield code="a">seedlings</subfield></datafield><datafield tag="650" ind1=" " ind2="3"><subfield code="a">stand basal area</subfield></datafield><datafield tag="650" ind1=" " ind2="3"><subfield code="a">spatial variation</subfield></datafield><datafield tag="650" ind1=" " ind2="3"><subfield code="a">natural regeneration</subfield></datafield><datafield tag="650" ind1=" " ind2="3"><subfield code="a">Pinus palustris</subfield></datafield><datafield tag="650" ind1=" " ind2="3"><subfield code="a">silvicultural systems</subfield></datafield><datafield tag="650" ind1=" " ind2="3"><subfield code="a">understory</subfield></datafield><datafield tag="651" ind1=" " ind2="3"><subfield code="a">Georgia</subfield></datafield><datafield tag="653" ind1=" " ind2="0"><subfield code="a">selective felling</subfield></datafield><datafield tag="653" ind1=" " ind2="0"><subfield code="a">recruitment</subfield></datafield><datafield tag="653" ind1=" " ind2="0"><subfield code="a">basal area</subfield></datafield><datafield tag="653" ind1=" " ind2="0"><subfield code="a">growth</subfield></datafield><datafield tag="700" ind1="1" ind2=" "><subfield code="a">Mou, P.</subfield></datafield><datafield tag="700" ind1="1" ind2=" "><subfield code="a">Palik, B.</subfield></datafield><datafield tag="700" ind1="1" ind2=" "><subfield code="a">Mitchell, R.J.</subfield></datafield><datafield tag="773" ind1="0" ind2=" "><subfield code="t">Canadian journal of forest research =.</subfield><subfield code="g">2002 Nov., v. 32, no. 11 p.1984-1991</subfield><subfield code="x">0045-5067</subfield><subfield code="7">nnas</subfield></datafield><datafield tag="787" ind1="1" ind2=" "><subfield code="o">islandora_article_repository</subfield></datafield><datafield tag="787" ind1="1" ind2=" "><subfield code="o">product_pubag</subfield></datafield><datafield tag="787" ind1="1" ind2=" "><subfield code="o">(Journal)jnl2003</subfield></datafield><datafield tag="852" ind1=" " ind2=" "><subfield code="a">DNAL</subfield></datafield><datafield tag="856" ind1="4" ind2="0"><subfield code="u">http://dx.doi.org/10.1139/x02-087</subfield><subfield code="3">Available from publisher's Web site</subfield></datafield><datafield tag="912" ind1=" " ind2=" "><subfield code="a">Article</subfield></datafield><datafield tag="914" ind1=" " ind2=" "><subfield code="a">Journal:jnl2003</subfield></datafield><datafield tag="914" ind1=" " ind2=" "><subfield code="f">Can. j. for. res</subfield></datafield><datafield tag="917" ind1=" " ind2=" "><subfield code="a">issued</subfield></datafield><datafield tag="930" ind1=" " ind2=" "><subfield code="a">20030627</subfield><subfield code="b">20030708</subfield><subfield code="c">00000000</subfield></datafield><datafield tag="935" ind1=" " ind2=" "><subfield code="a">IND23322148</subfield><subfield code="9">ExL</subfield></datafield><datafield tag="945" ind1=" " ind2=" "><subfield code="a">IND</subfield><subfield code="d">CTR</subfield></datafield><datafield tag="946" ind1=" " ind2=" "><subfield code="a">Non-US</subfield></datafield><datafield tag="952" ind1=" " ind2=" "><subfield code="a">20030627 20030708 00000000</subfield><subfield code="b">IND CTR </subfield></datafield><datafield tag="974" ind1=" " ind2=" "><subfield code="a">agid:1407179</subfield></datafield><datafield tag="984" ind1=" " ind2=" "><subfield code="a">2014-12-25</subfield></datafield><datafield tag="985" ind1=" " ind2=" "><subfield code="a">Converted from MARCXML to MODS version 3.4 using MARC21slim2MODS3-4.xsl (Revision 1.95 2014/04/23)</subfield></datafield><datafield tag="986" ind1=" " ind2=" "><subfield code="a">3387476</subfield></datafield></record>