<record><leader>04196nab a2200637 u 4500</leader><controlfield tag="001">9916105292807426</controlfield><controlfield tag="005">20221123023711.0</controlfield><controlfield tag="008">030326e200111 onc|||||o|||||||||||eng||</controlfield><datafield tag="" ind1="7" ind2=" "><subfield code="a">IND23316145</subfield><subfield code="2">DNAL</subfield></datafield><datafield tag="024" ind1="7" ind2=" "><subfield code="a">10.1139/x01-120</subfield><subfield code="2">doi</subfield></datafield><datafield tag="035" ind1=" " ind2=" "><subfield code="a">agid:1407141-01nal_inst</subfield></datafield><datafield tag="040" ind1=" " ind2=" "><subfield code="a">AGL</subfield><subfield code="b">eng</subfield><subfield code="c">AGL</subfield></datafield><datafield tag="100" ind1="1" ind2=" "><subfield code="a">Rothe, A.</subfield></datafield><datafield tag="245" ind1="1" ind2="0"><subfield code="a">Nutritional interactions in mixed species forests: a synthesis</subfield></datafield><datafield tag="300" ind1=" " ind2=" "><subfield code="a">p. 1855-1870.</subfield></datafield><datafield tag="500" ind1=" " ind2=" "><subfield code="a">Summary in French.</subfield></datafield><datafield tag="520" ind1=" " ind2=" "><subfield code="a">For more than a century, scientists have considered whether mixtures of tree species may differ in nutrition and yield relative to monocultures. We review the empirical evidence on the nutritional interactions of tree species in mixtures, including information on foliar nutrition, soil nutrient supply, rates of nutrient input, and patterns of root distribution. Linear effects were most common, with mixtures intermediate in value between monocultures. In some cases, values for mixtures were lower than expected, indicating an antagonistic interaction. A few cases that included nitrogen-fixing species showed a synergistic interaction, with mixtures showing higher values than monocultures. Nutrient concentrations in foliage of Sitka spruce (Picea sitchensis (Bong.) Carriere) were improved in mixtures with other conifers in three studies, in contrast to four studies with mixtures of various conifers and hardwoods that showed no effect of mixtures on foliage nutrient concentrations. Mixtures that combine species with and without the ability to fix atmospheric nitrogen have shown a full range of foliar responses from decreases to increases in phosphorus, to increases in nitrogen, to no effect of mixtures. Rates of litter decomposition usually showed no effect of species mixtures, but a few cases demonstrated both increases and decreases in decomposition relative to monocultures. Pools of soil nutrients generally did not differ between mixtures and monocultures. Root distributions in mixtures of Norway spruce (Picea abies (L.) Karst.) and beech (Fagus sylvatica L.) were altered in mixtures; compared with monocultures, spruce rooted more shallowly in mixtures with beech, and beech rooted more deeply in mixtures with spruce. General conclusions are limited by the small number of studies that directly addressed mixed-species effects in forests, and the wide variety of observed interactions. Further research would be particularly helpful in identifying situations where nonlinear interactions may develop, including the species and site conditions that promote nonlinear interactions. Neighborhood methods, which analyze the relationship between stand composition and nutritional properties on a small spatial scale, offer great potential for exploring nutritional effects in mixed-species stands.</subfield></datafield><datafield tag="593" ind1=" " ind2=" "><subfield code="a">PubAg article</subfield></datafield><datafield tag="650" ind1=" " ind2="3"><subfield code="a">mixed forests</subfield></datafield><datafield tag="650" ind1=" " ind2="3"><subfield code="a">leaves</subfield></datafield><datafield tag="650" ind1=" " ind2="3"><subfield code="a">nutrient content</subfield></datafield><datafield tag="650" ind1=" " ind2="3"><subfield code="a">soil fertility</subfield></datafield><datafield tag="650" ind1=" " ind2="3"><subfield code="a">nutrient availability</subfield></datafield><datafield tag="650" ind1=" " ind2="3"><subfield code="a">roots</subfield></datafield><datafield tag="650" ind1=" " ind2="3"><subfield code="a">spatial distribution</subfield></datafield><datafield tag="650" ind1=" " ind2="3"><subfield code="a">synergism</subfield></datafield><datafield tag="650" ind1=" " ind2="3"><subfield code="a">forest trees</subfield></datafield><datafield tag="650" ind1=" " ind2="3"><subfield code="a">Picea sitchensis</subfield></datafield><datafield tag="650" ind1=" " ind2="3"><subfield code="a">Picea abies</subfield></datafield><datafield tag="650" ind1=" " ind2="3"><subfield code="a">forest litter</subfield></datafield><datafield tag="650" ind1=" " ind2="3"><subfield code="a">degradation</subfield></datafield><datafield tag="650" ind1=" " ind2="3"><subfield code="a">nitrogen fixation</subfield></datafield><datafield tag="650" ind1=" " ind2="3"><subfield code="a">nitrogen</subfield></datafield><datafield tag="650" ind1=" " ind2="3"><subfield code="a">application rate</subfield></datafield><datafield tag="653" ind1=" " ind2="0"><subfield code="a">literature reviews</subfield></datafield><datafield tag="653" ind1=" " ind2="0"><subfield code="a">antagonism</subfield></datafield><datafield tag="700" ind1="1" ind2=" "><subfield code="a">Binkley, D.</subfield></datafield><datafield tag="773" ind1="0" ind2=" "><subfield code="t">Canadian journal of forest research =.</subfield><subfield code="g">2001 Nov., v. 31, no. 11 p.1855-1870</subfield><subfield code="x">0045-5067</subfield><subfield code="7">nnas</subfield></datafield><datafield tag="787" ind1="1" ind2=" "><subfield code="o">islandora_article_repository</subfield></datafield><datafield tag="787" ind1="1" ind2=" "><subfield code="o">product_pubag</subfield></datafield><datafield tag="787" ind1="1" ind2=" "><subfield code="o">(Journal)jnl2003</subfield></datafield><datafield tag="852" ind1=" " ind2=" "><subfield code="a">DNAL</subfield></datafield><datafield tag="856" ind1="4" ind2="0"><subfield code="u">http://dx.doi.org/10.1139/x01-120</subfield><subfield code="3">Available from publisher's Web site</subfield></datafield><datafield tag="912" ind1=" " ind2=" "><subfield code="a">Article</subfield></datafield><datafield tag="914" ind1=" " ind2=" "><subfield code="a">Journal:jnl2003</subfield></datafield><datafield tag="914" ind1=" " ind2=" "><subfield code="f">Can. j. for. res</subfield></datafield><datafield tag="917" ind1=" " ind2=" "><subfield code="a">issued</subfield></datafield><datafield tag="930" ind1=" " ind2=" "><subfield code="a">20030602</subfield><subfield code="b">20030603</subfield><subfield code="c">00000000</subfield></datafield><datafield tag="935" ind1=" " ind2=" "><subfield code="a">IND23316145</subfield><subfield code="9">ExL</subfield></datafield><datafield tag="945" ind1=" " ind2=" "><subfield code="a">IND</subfield><subfield code="d">CTR</subfield></datafield><datafield tag="946" ind1=" " ind2=" "><subfield code="a">Non-US</subfield></datafield><datafield tag="952" ind1=" " ind2=" "><subfield code="a">20030602 20030603 00000000</subfield><subfield code="b">IND CTR </subfield></datafield><datafield tag="974" ind1=" " ind2=" "><subfield code="a">agid:1407141</subfield></datafield><datafield tag="984" ind1=" " ind2=" "><subfield code="a">2014-12-25</subfield></datafield><datafield tag="985" ind1=" " ind2=" "><subfield code="a">Converted from MARCXML to MODS version 3.4 using MARC21slim2MODS3-4.xsl (Revision 1.95 2014/04/23)</subfield></datafield><datafield tag="986" ind1=" " ind2=" "><subfield code="a">3387279</subfield></datafield></record>