<record><leader>05443nab a2200769 u 4500</leader><controlfield tag="001">9916105635307426</controlfield><controlfield tag="005">20221121201318.0</controlfield><controlfield tag="008">180102e201506 xx |||||o|||||||||||eng||</controlfield><datafield tag="" ind1="7" ind2=" "><subfield code="a">IND605876518</subfield><subfield code="2">DNAL</subfield></datafield><datafield tag="024" ind1="7" ind2=" "><subfield code="a">10.1890/14-0698.1</subfield><subfield code="2">doi</subfield></datafield><datafield tag="035" ind1=" " ind2=" "><subfield code="a">agid:5876518-01nal_inst</subfield></datafield><datafield tag="040" ind1=" " ind2=" "><subfield code="a">AGL</subfield><subfield code="b">eng</subfield><subfield code="c">AGL</subfield></datafield><datafield tag="100" ind1="1" ind2=" "><subfield code="a">Dorman, Michael</subfield><subfield code="e">author</subfield><subfield code="u">Department of Geography and Environmental Development, Ben-Gurion University of the Negev, Beer-Sheva 84105 Israel. michael.dorman@mail.huji.ac.il</subfield></datafield><datafield tag="245" ind1="1" ind2="0"><subfield code="a">What determines tree mortality in dry environments? a multi‐perspective approach</subfield></datafield><datafield tag="300" ind1=" " ind2=" "><subfield code="a">p. 1054-1071.</subfield></datafield><datafield tag="500" ind1=" " ind2=" "><subfield code="a">JOURNAL ARTICLE</subfield></datafield><datafield tag="500" ind1=" " ind2=" "><subfield code="a">2019-12-06</subfield></datafield><datafield tag="520" ind1=" " ind2=" "><subfield code="a">Forest ecosystems function under increasing pressure due to global climate changes, while factors determining when and where mortality events will take place within the wider landscape are poorly understood. Observational studies are essential for documenting forest decline events, understanding their determinants, and developing sustainable management plans. A central obstacle towards achieving this goal is that mortality is often patchy across a range of spatial scales, and characterized by long‐term temporal dynamics. Research must therefore integrate different methods, from several scientific disciplines, to capture as many relevant informative patterns as possible. We performed a landscape‐scale assessment of mortality and its determinants in two representative Pinus halepensis planted forests from a dry environment (~300 mm), recently experiencing an unprecedented sequence of two severe drought periods. Three data sources were integrated to analyze the spatiotemporal variation in forest performance: (1) Normalized Difference Vegetation Index (NDVI) time‐series, from 18 Landsat satellite images; (2) individual dead trees point‐pattern, based on a high‐resolution aerial photograph; and (3) Basal Area Increment (BAI) time‐series, from dendrochronological sampling in three sites. Mortality risk was higher in older‐aged sparse stands, on southern aspects, and on deeper soils. However, mortality was patchy across all spatial scales, and the locations of patches within “high‐risk” areas could not be fully explained by the examined environmental factors. Moreover, the analysis of past forest performance based on NDVI and tree rings has indicated that the areas affected by each of the two recent droughts do not coincide. The association of mortality with lower tree densities did not support the notion that thinning semiarid forests will increase survival probability of the remaining trees when facing extreme drought. Unique information was obtained when merging dendrochronological and remotely sensed performance indicators, in contrast to potential bias when using a single approach. For example, dendrochronological data suggested highly resilient tree growth, since it was based only on the “surviving” portion of the population, thus failing to identify past demographic changes evident through remote sensing. We therefore suggest that evaluation of forest resilience should be based on several metrics, each suited for detecting transitions at a different level of organization.</subfield></datafield><datafield tag="592" ind1=" " ind2=" "><subfield code="a">Publisher supplied data</subfield></datafield><datafield tag="593" ind1=" " ind2=" "><subfield code="a">PubAg article</subfield></datafield><datafield tag="650" ind1=" " ind2="3"><subfield code="a">dry environmental conditions</subfield></datafield><datafield tag="650" ind1=" " ind2="3"><subfield code="a">Pinus halepensis</subfield></datafield><datafield tag="650" ind1=" " ind2="3"><subfield code="a">drought</subfield></datafield><datafield tag="650" ind1=" " ind2="3"><subfield code="a">trees</subfield></datafield><datafield tag="650" ind1=" " ind2="3"><subfield code="a">remote sensing</subfield></datafield><datafield tag="650" ind1=" " ind2="3"><subfield code="a">Landsat</subfield></datafield><datafield tag="650" ind1=" " ind2="3"><subfield code="a">dendrochronology</subfield></datafield><datafield tag="650" ind1=" " ind2="3"><subfield code="a">forests</subfield></datafield><datafield tag="650" ind1=" " ind2="3"><subfield code="a">risk</subfield></datafield><datafield tag="650" ind1=" " ind2="3"><subfield code="a">dead wood</subfield></datafield><datafield tag="650" ind1=" " ind2="3"><subfield code="a">forest ecosystems</subfield></datafield><datafield tag="650" ind1=" " ind2="3"><subfield code="a">observational studies</subfield></datafield><datafield tag="650" ind1=" " ind2="3"><subfield code="a">temporal variation</subfield></datafield><datafield tag="650" ind1=" " ind2="3"><subfield code="a">forest decline</subfield></datafield><datafield tag="650" ind1=" " ind2="3"><subfield code="a">soil</subfield></datafield><datafield tag="650" ind1=" " ind2="3"><subfield code="a">spatial variation</subfield></datafield><datafield tag="650" ind1=" " ind2="3"><subfield code="a">tree mortality</subfield></datafield><datafield tag="650" ind1=" " ind2="3"><subfield code="a">mortality</subfield></datafield><datafield tag="650" ind1=" " ind2="3"><subfield code="a">tree growth</subfield></datafield><datafield tag="650" ind1=" " ind2="3"><subfield code="a">growth rings</subfield></datafield><datafield tag="650" ind1=" " ind2="3"><subfield code="a">landscapes</subfield></datafield><datafield tag="650" ind1=" " ind2="3"><subfield code="a">time series analysis</subfield></datafield><datafield tag="650" ind1=" " ind2="3"><subfield code="a">stand basal area</subfield></datafield><datafield tag="650" ind1=" " ind2="3"><subfield code="a">normalized difference vegetation index</subfield></datafield><datafield tag="653" ind1=" " ind2="0"><subfield code="a">basal area</subfield></datafield><datafield tag="700" ind1="1" ind2=" "><subfield code="a">Svoray, Tal</subfield><subfield code="e">author</subfield><subfield code="u">Department of Geography and Environmental Development, Ben-Gurion University of the Negev, Beer-Sheva 84105 Israel</subfield></datafield><datafield tag="700" ind1="1" ind2=" "><subfield code="a">Perevolotsky, Avi</subfield><subfield code="e">author</subfield><subfield code="u">Department of Agronomy and Natural Resources, Agricultural Research Organization, Volcani Center, Bet Dagan 50250 Israel</subfield></datafield><datafield tag="700" ind1="1" ind2=" "><subfield code="a">Moshe, Yitzhak</subfield><subfield code="e">author</subfield><subfield code="u">Keren Kayemeth LeIsrael, Southern Region, Gilat Afforestation and Soil Conservation, Gilat Doar-Na Hanegev 85410 Israel</subfield></datafield><datafield tag="700" ind1="1" ind2=" "><subfield code="a">Sarris, Dimitrios</subfield><subfield code="e">author</subfield></datafield><datafield tag="773" ind1="0" ind2=" "><subfield code="t">Ecological applications.</subfield><subfield code="g">2015 June, v. 25, no. 4 p.1054-1071</subfield><subfield code="d">Ecological Society of America</subfield><subfield code="w">Journal:jnl47193</subfield><subfield code="x">1051-0761</subfield><subfield code="7">nnas</subfield></datafield><datafield tag="787" ind1="1" ind2=" "><subfield code="o">islandora_article_repository</subfield></datafield><datafield tag="787" ind1="1" ind2=" "><subfield code="o">product_pubag</subfield></datafield><datafield tag="787" ind1="1" ind2=" "><subfield code="o">(Journal)jnl47193</subfield></datafield><datafield tag="856" ind1="4" ind2="0"><subfield code="u">http://dx.doi.org/10.1890/14-0698.1</subfield><subfield code="3">Available from publisher's site</subfield></datafield><datafield tag="912" ind1=" " ind2=" "><subfield code="a">Article</subfield></datafield><datafield tag="914" ind1=" " ind2=" "><subfield code="a">Journal:jnl47193</subfield><subfield code="b">1051-0761</subfield><subfield code="c">25</subfield><subfield code="d">4</subfield><subfield code="e">1054</subfield></datafield><datafield tag="914" ind1=" " ind2=" "><subfield code="f">Ecological applications</subfield></datafield><datafield tag="916" ind1=" " ind2=" "><subfield code="a">Batch:1910</subfield></datafield><datafield tag="917" ind1=" " ind2=" "><subfield code="a">issued</subfield></datafield><datafield tag="918" ind1="2" ind2=" "><subfield code="a">John Wiley &amp; Sons, Inc</subfield><subfield code="e">provider</subfield><subfield code="5">DNAL</subfield></datafield><datafield tag="935" ind1=" " ind2=" "><subfield code="a">IND605876518</subfield><subfield code="9">ExL</subfield></datafield><datafield tag="949" ind1=" " ind2=" "><subfield code="a">2018-02-28</subfield></datafield><datafield tag="953" ind1=" " ind2=" "><subfield code="a">10510761_2015_25_4.xml</subfield></datafield><datafield tag="962" ind1=" " ind2=" "><subfield code="a">Batch:1910 reviewed on 2018-02-28T15:00:02Z</subfield></datafield><datafield tag="974" ind1=" " ind2=" "><subfield code="a">agid:5876518</subfield></datafield><datafield tag="983" ind1=" " ind2=" "><subfield code="a">2018-01-02</subfield></datafield><datafield tag="984" ind1=" " ind2=" "><subfield code="a">2018-02-28</subfield></datafield></record>