<record><leader>04918nab a2200709 u 4500</leader><controlfield tag="001">9916105836507426</controlfield><controlfield tag="005">20221120110919.0</controlfield><controlfield tag="008">180102e201510 xx |||||o|||||||||||eng||</controlfield><datafield tag="" ind1="7" ind2=" "><subfield code="a">IND605876576</subfield><subfield code="2">DNAL</subfield></datafield><datafield tag="024" ind1="7" ind2=" "><subfield code="a">10.1890/14-1593.1</subfield><subfield code="2">doi</subfield></datafield><datafield tag="035" ind1=" " ind2=" "><subfield code="a">agid:5876576-01nal_inst</subfield></datafield><datafield tag="040" ind1=" " ind2=" "><subfield code="a">AGL</subfield><subfield code="b">eng</subfield><subfield code="c">AGL</subfield></datafield><datafield tag="100" ind1="1" ind2=" "><subfield code="a">Fricker, Geoffrey A.</subfield><subfield code="e">author</subfield><subfield code="u">Department of Geography, University of California, 1255 Bunche Hall, Box 951524, Los Angeles, California 90095 USA. africker@g.ucla.edu</subfield></datafield><datafield tag="245" ind1="1" ind2="0"><subfield code="a">Predicting spatial variations of tree species richness in tropical forests from high‐resolution remote sensing</subfield></datafield><datafield tag="300" ind1=" " ind2=" "><subfield code="a">p. 1776-1789.</subfield></datafield><datafield tag="500" ind1=" " ind2=" "><subfield code="a">JOURNAL ARTICLE</subfield></datafield><datafield tag="520" ind1=" " ind2=" "><subfield code="a">There is an increasing interest in identifying theories, empirical data sets, and remote‐sensing metrics that can quantify tropical forest alpha diversity at a landscape scale. Quantifying patterns of tree species richness in the field is time consuming, especially in regions with over 100 tree species/ha. We examine species richness in a 50‐ha plot in Barro Colorado Island in Panama and test if biophysical measurements of canopy reflectance from high‐resolution satellite imagery and detailed vertical forest structure and topography from light detection and ranging (lidar) are associated with species richness across four tree size classes (&gt;1, 1–10, &gt;10, and &gt;20 cm dbh) and three spatial scales (1, 0.25, and 0.04 ha). We use the 2010 tree inventory, including 204 757 individuals belonging to 301 species of freestanding woody plants or 166 ± 1.5 species/ha (mean ± SE), to compare with remote‐sensing data. All remote‐sensing metrics became less correlated with species richness as spatial resolution decreased from 1.0 ha to 0.04 ha and tree size increased from 1 cm to 20 cm dbh. When all stems with dbh &gt; 1 cm in 1‐ha plots were compared to remote‐sensing metrics, standard deviation in canopy reflectance explained 13% of the variance in species richness. The standard deviations of canopy height and the topographic wetness index (TWI) derived from lidar were the best metrics to explain the spatial variance in species richness (15% and 24%, respectively). Using multiple regression models, we made predictions of species richness across Barro Colorado Island (BCI) at the 1‐ha spatial scale for different tree size classes. We predicted variation in tree species richness among all plants (adjusted r² = 0.35) and trees with dbh &gt; 10 cm (adjusted r² = 0.25). However, the best model results were for understory trees and shrubs (dbh 1–10 cm) (adjusted r² = 0.52) that comprise the majority of species richness in tropical forests. Our results indicate that high‐resolution remote sensing can predict a large percentage of variance in species richness and potentially provide a framework to map and predict alpha diversity among trees in diverse tropical forests.</subfield></datafield><datafield tag="592" ind1=" " ind2=" "><subfield code="a">Publisher supplied data</subfield></datafield><datafield tag="593" ind1=" " ind2=" "><subfield code="a">PubAg article</subfield></datafield><datafield tag="650" ind1=" " ind2="3"><subfield code="a">canopy</subfield></datafield><datafield tag="650" ind1=" " ind2="3"><subfield code="a">data collection</subfield></datafield><datafield tag="650" ind1=" " ind2="3"><subfield code="a">inventories</subfield></datafield><datafield tag="650" ind1=" " ind2="3"><subfield code="a">islands</subfield></datafield><datafield tag="650" ind1=" " ind2="3"><subfield code="a">landscapes</subfield></datafield><datafield tag="650" ind1=" " ind2="3"><subfield code="a">lidar</subfield></datafield><datafield tag="650" ind1=" " ind2="3"><subfield code="a">models</subfield></datafield><datafield tag="650" ind1=" " ind2="3"><subfield code="a">prediction</subfield></datafield><datafield tag="650" ind1=" " ind2="3"><subfield code="a">reflectance</subfield></datafield><datafield tag="650" ind1=" " ind2="3"><subfield code="a">regression analysis</subfield></datafield><datafield tag="650" ind1=" " ind2="3"><subfield code="a">remote sensing</subfield></datafield><datafield tag="650" ind1=" " ind2="3"><subfield code="a">shrubs</subfield></datafield><datafield tag="650" ind1=" " ind2="3"><subfield code="a">species diversity</subfield></datafield><datafield tag="650" ind1=" " ind2="3"><subfield code="a">stems</subfield></datafield><datafield tag="650" ind1=" " ind2="3"><subfield code="a">topography</subfield></datafield><datafield tag="650" ind1=" " ind2="3"><subfield code="a">tree classes</subfield></datafield><datafield tag="650" ind1=" " ind2="3"><subfield code="a">trees</subfield></datafield><datafield tag="650" ind1=" " ind2="3"><subfield code="a">tropical forests</subfield></datafield><datafield tag="650" ind1=" " ind2="3"><subfield code="a">understory</subfield></datafield><datafield tag="650" ind1=" " ind2="3"><subfield code="a">variance</subfield></datafield><datafield tag="650" ind1=" " ind2="3"><subfield code="a">woody plants</subfield></datafield><datafield tag="651" ind1=" " ind2="3"><subfield code="a">Panama</subfield></datafield><datafield tag="700" ind1="1" ind2=" "><subfield code="a">Wolf, Jeffrey A.</subfield><subfield code="e">author</subfield><subfield code="u">Department of Ecology and Evolutionary Biology, University of California, 621 Charles E. Young Drive South, Los Angeles, California 90095 USA</subfield></datafield><datafield tag="700" ind1="1" ind2=" "><subfield code="a">Saatchi, Sassan S.</subfield><subfield code="e">author</subfield><subfield code="u">Jet Propulsion Laboratory, California Institute of Technology, 4800 Oak Grove Drive, Pasadena, California 91109</subfield></datafield><datafield tag="700" ind1="1" ind2=" "><subfield code="a">Gillespie, Thomas W.</subfield><subfield code="e">author</subfield><subfield code="u">Department of Geography, University of California, 1255 Bunche Hall, Box 951524, Los Angeles, California 90095 USA</subfield></datafield><datafield tag="773" ind1="0" ind2=" "><subfield code="t">Ecological applications.</subfield><subfield code="g">2015 Oct., v. 25, no. 7 p.1776-1789</subfield><subfield code="d">Ecological Society of America</subfield><subfield code="w">Journal:jnl47193</subfield><subfield code="x">1051-0761</subfield><subfield code="7">nnas</subfield></datafield><datafield tag="787" ind1="1" ind2=" "><subfield code="o">islandora_article_repository</subfield></datafield><datafield tag="787" ind1="1" ind2=" "><subfield code="o">product_pubag</subfield></datafield><datafield tag="787" ind1="1" ind2=" "><subfield code="o">(Journal)jnl47193</subfield></datafield><datafield tag="856" ind1="4" ind2="0"><subfield code="u">http://dx.doi.org/10.1890/14-1593.1</subfield><subfield code="3">Available from publisher's site</subfield></datafield><datafield tag="912" ind1=" " ind2=" "><subfield code="a">Article</subfield></datafield><datafield tag="914" ind1=" " ind2=" "><subfield code="a">Journal:jnl47193</subfield><subfield code="b">1051-0761</subfield><subfield code="c">25</subfield><subfield code="d">7</subfield><subfield code="e">1776</subfield></datafield><datafield tag="914" ind1=" " ind2=" "><subfield code="f">Ecological applications</subfield></datafield><datafield tag="916" ind1=" " ind2=" "><subfield code="a">Batch:1910</subfield></datafield><datafield tag="917" ind1=" " ind2=" "><subfield code="a">issued</subfield></datafield><datafield tag="918" ind1="2" ind2=" "><subfield code="a">John Wiley &amp; Sons, Inc</subfield><subfield code="e">provider</subfield><subfield code="5">DNAL</subfield></datafield><datafield tag="935" ind1=" " ind2=" "><subfield code="a">IND605876576</subfield><subfield code="9">ExL</subfield></datafield><datafield tag="949" ind1=" " ind2=" "><subfield code="a">2018-02-28</subfield></datafield><datafield tag="953" ind1=" " ind2=" "><subfield code="a">10510761_2015_25_7.xml</subfield></datafield><datafield tag="962" ind1=" " ind2=" "><subfield code="a">Batch:1910 reviewed on 2018-02-28T15:00:02Z</subfield></datafield><datafield tag="974" ind1=" " ind2=" "><subfield code="a">agid:5876576</subfield></datafield><datafield tag="983" ind1=" " ind2=" "><subfield code="a">2018-01-02</subfield></datafield><datafield tag="984" ind1=" " ind2=" "><subfield code="a">2018-02-28</subfield></datafield></record>