<record><leader>03905nab a2200601 u 4500</leader><controlfield tag="001">9916105855507426</controlfield><controlfield tag="005">20221120124752.0</controlfield><controlfield tag="008">091011e200911 xx |||||o|||||||||||eng||</controlfield><datafield tag="" ind1="7" ind2=" "><subfield code="a">IND44270124</subfield><subfield code="2">DNAL</subfield></datafield><datafield tag="024" ind1="7" ind2=" "><subfield code="a">10.1111/j.1466-8238.2009.00478.x</subfield><subfield code="2">doi</subfield></datafield><datafield tag="035" ind1=" " ind2=" "><subfield code="a">agid:2204064-01nal_inst</subfield></datafield><datafield tag="040" ind1=" " ind2=" "><subfield code="a">AGL</subfield><subfield code="b">eng</subfield><subfield code="c">AGL</subfield></datafield><datafield tag="100" ind1="1" ind2=" "><subfield code="a">Montoya, Daniel</subfield></datafield><datafield tag="245" ind1="1" ind2="0"><subfield code="a">Do species distribution models explain spatial structure within tree species ranges</subfield></datafield><datafield tag="300" ind1=" " ind2=" "><subfield code="a">p. 662-673.</subfield></datafield><datafield tag="520" ind1=" " ind2=" "><subfield code="a">To evaluate the ability of species distribution models (SDMs) to predict the spatial structure of tree species within their geographical ranges (how trees are distributed within their ranges). Continental Spain. We used an extensive dataset consisting of c. 90,000 plots (1 plot km⁻²) where presence/absence data for 23 common Mediterranean and Atlantic tree species had been surveyed. We first generated SDMs relating the presence or absence of each species to a set of 16 environmental predictors, following a stepwise modelling process based on maximum likelihood methods. Superimposing spatial correlograms generated from the predictions of the SDMs over those generated from the raw data allowed a model-observation comparison of the nature, scale and intensity (level of aggregation) of spatial structure with the species ranges. SDMs predicted accurately the nature and scale of the spatial structure of trees. However, for most species, the observed intensity of spatial structure (level of aggregation of species in space) was substantially greater than that predicted by the SDMs. On average, the intensity of spatial aggregation was twice that predicted by SDMs. In addition, we also found a negative correlation between intensity of aggregation and species range size. Standard SDM predictions of spatial structure patterns differ among species. SDMs are apparently able to reproduce both the scale and intensity of species spatial structure within their ranges. However, one or more missing processes not included in SDMs results in species being substantially more aggregated in space than can be captured by the SDMs. This result adds to recent calls for a new generation of more biologically realistic SDMs. In particular, future SDMs should incorporate ecological processes that are likely to increase the intensity of spatial aggregation, such as source-sink dynamics, fine-scale environmental heterogeneity and disequilibrium.</subfield></datafield><datafield tag="593" ind1=" " ind2=" "><subfield code="a">PubAg article</subfield></datafield><datafield tag="650" ind1=" " ind2="3"><subfield code="a">biogeography</subfield></datafield><datafield tag="650" ind1=" " ind2="3"><subfield code="a">data collection</subfield></datafield><datafield tag="650" ind1=" " ind2="3"><subfield code="a">models</subfield></datafield><datafield tag="650" ind1=" " ind2="3"><subfield code="a">prediction</subfield></datafield><datafield tag="650" ind1=" " ind2="3"><subfield code="a">trees</subfield></datafield><datafield tag="651" ind1=" " ind2="3"><subfield code="a">Spain</subfield></datafield><datafield tag="653" ind1=" " ind2="0"><subfield code="a">Covariance-distance function</subfield></datafield><datafield tag="653" ind1=" " ind2="0"><subfield code="a">Iberian Peninsula</subfield></datafield><datafield tag="653" ind1=" " ind2="0"><subfield code="a">maximum likelihood</subfield></datafield><datafield tag="653" ind1=" " ind2="0"><subfield code="a">spatial structure</subfield></datafield><datafield tag="653" ind1=" " ind2="0"><subfield code="a">species aggregation</subfield></datafield><datafield tag="653" ind1=" " ind2="0"><subfield code="a">species distribution models (SDMs)</subfield></datafield><datafield tag="700" ind1="1" ind2=" "><subfield code="a">Purves, Drew W.</subfield></datafield><datafield tag="700" ind1="1" ind2=" "><subfield code="a">Urbieta, Itziar R.</subfield></datafield><datafield tag="700" ind1="1" ind2=" "><subfield code="a">Zavala, Miguel A.</subfield></datafield><datafield tag="773" ind1="0" ind2=" "><subfield code="t">Global ecology and biogeography.</subfield><subfield code="g">2009 Nov., v. 18, no. 6 p.662-673</subfield><subfield code="d">Oxford, UK : Blackwell Publishing Ltd</subfield><subfield code="x">1466-822X</subfield><subfield code="7">nnas</subfield></datafield><datafield tag="787" ind1="1" ind2=" "><subfield code="o">islandora_article_repository</subfield></datafield><datafield tag="787" ind1="1" ind2=" "><subfield code="o">product_pubag</subfield></datafield><datafield tag="787" ind1="1" ind2=" "><subfield code="o">(Journal)jnl3920180</subfield></datafield><datafield tag="852" ind1=" " ind2=" "><subfield code="a">DNAL</subfield></datafield><datafield tag="856" ind1="4" ind2="0"><subfield code="u">http://dx.doi.org/10.1111/j.1466-8238.2009.00478.x</subfield><subfield code="3">Available from publisher's Web site</subfield></datafield><datafield tag="912" ind1=" " ind2=" "><subfield code="a">Article</subfield></datafield><datafield tag="914" ind1=" " ind2=" "><subfield code="a">Journal:jnl3920180</subfield></datafield><datafield tag="914" ind1=" " ind2=" "><subfield code="f">Global ecology and biogeography</subfield></datafield><datafield tag="916" ind1=" " ind2=" "><subfield code="a">Batch:1242</subfield></datafield><datafield tag="917" ind1=" " ind2=" "><subfield code="a">issued</subfield></datafield><datafield tag="930" ind1=" " ind2=" "><subfield code="a">20091012</subfield><subfield code="b">20091106</subfield><subfield code="c">00000000</subfield></datafield><datafield tag="935" ind1=" " ind2=" "><subfield code="a">IND44270124</subfield><subfield code="9">ExL</subfield></datafield><datafield tag="946" ind1=" " ind2=" "><subfield code="a">Non-US</subfield></datafield><datafield tag="949" ind1=" " ind2=" "><subfield code="a">2-03-11</subfield></datafield><datafield tag="952" ind1=" " ind2=" "><subfield code="a">20091012 20091106 00000000</subfield></datafield><datafield tag="962" ind1=" " ind2=" "><subfield code="a">Batch:1242 reviewed on 2-03-11T15:00:03Z</subfield></datafield><datafield tag="974" ind1=" " ind2=" "><subfield code="a">agid:2204064</subfield></datafield><datafield tag="984" ind1=" " ind2=" "><subfield code="a">2-03-11</subfield></datafield><datafield tag="985" ind1=" " ind2=" "><subfield code="a">Converted from MARCXML to MODS version 3.4 using MARC21slim2MODS3-4.xsl (Revision 1.95 2014/04/23)</subfield></datafield><datafield tag="986" ind1=" " ind2=" "><subfield code="a">4270124</subfield></datafield></record>