<record><leader>04776nab a2200649 u 4500</leader><controlfield tag="001">9916106125107426</controlfield><controlfield tag="005">20221122061349.0</controlfield><controlfield tag="008">180102e201510 xx |||||o|||||||||||eng||</controlfield><datafield tag="" ind1="7" ind2=" "><subfield code="a">IND605876591</subfield><subfield code="2">DNAL</subfield></datafield><datafield tag="024" ind1="7" ind2=" "><subfield code="a">10.1890/15-0112.1</subfield><subfield code="2">doi</subfield></datafield><datafield tag="035" ind1=" " ind2=" "><subfield code="a">agid:5876591-01nal_inst</subfield></datafield><datafield tag="040" ind1=" " ind2=" "><subfield code="a">AGL</subfield><subfield code="b">eng</subfield><subfield code="c">AGL</subfield></datafield><datafield tag="100" ind1="1" ind2=" "><subfield code="a">Uriarte, María</subfield><subfield code="e">author</subfield><subfield code="u">Department of Ecology, Evolution, and Environmental Biology, Columbia University,New York, New York 10027 USA. mu2126@columbia.edu</subfield></datafield><datafield tag="245" ind1="1" ind2="0"><subfield code="a">Linking spatial patterns of leaf litterfall and soil nutrients in a tropical forest: a neighborhood approach</subfield></datafield><datafield tag="300" ind1=" " ind2=" "><subfield code="a">p. 2022-2034.</subfield></datafield><datafield tag="500" ind1=" " ind2=" "><subfield code="a">JOURNAL ARTICLE</subfield></datafield><datafield tag="520" ind1=" " ind2=" "><subfield code="a">Leaf litter represents an important link between tree community composition, forest productivity and biomass, and ecosystem processes. In forests, the spatial distribution of trees and species‐specific differences in leaf litter production and quality are likely to cause spatial heterogeneity in nutrient returns to the forest floor and, therefore, in the redistribution of soil nutrients. Using mapped trees and leaf litter data for 12 tree species in a subtropical forest with a well‐documented history of land use, we: (1) parameterized spatially explicit models of leaf litter biomass and nutrient deposition; (2) assessed variation in leaf litter inputs across forest areas with different land use legacies; and (3) determined the degree to which the quantity and quality of leaf litter inputs and soil physical characteristics are associated with spatial heterogeneity in soil nutrient ratios (C:N and N:P). The models captured the effects of tree size and location on spatial variation in leaf litterfall (R² = 0.31–0.79). For all 12 focal species, most of the leaf litter fell less than 5 m away from the source trees, generating fine‐scale spatial heterogeneity in leaf litter inputs. Secondary forest species, which dominate areas in earlier successional stages, had lower leaf litter C:N ratios and produced less litter biomass than old‐growth specialists. In contrast, P content and N:P ratios did not vary consistently among successional groups. Interspecific variation in leaf litter quality translated into differences in the quantity and quality (C:N) of total leaf litter biomass inputs and among areas with different land use histories. Spatial variation in leaf litter C:N inputs was the major factor associated with heterogeneity in soil C:N ratios relative to soil physical characteristics. In contrast, spatial variation soil N:P was more strongly associated with spatial variation in topography than heterogeneity in leaf litter inputs. The modeling approach presented here can be used to generate prediction surfaces for leaf litter deposition and quality onto the forest floor, a useful tool for understanding soil–vegetation feedbacks. A better understanding of the role of leaf litter inputs from secondary vegetation in restoring soil nutrient stocks will also assist in managing expanding secondary forests in tropical regions.</subfield></datafield><datafield tag="592" ind1=" " ind2=" "><subfield code="a">Publisher supplied data</subfield></datafield><datafield tag="593" ind1=" " ind2=" "><subfield code="a">PubAg article</subfield></datafield><datafield tag="650" ind1=" " ind2="3"><subfield code="a">biomass</subfield></datafield><datafield tag="650" ind1=" " ind2="3"><subfield code="a">carbon nitrogen ratio</subfield></datafield><datafield tag="650" ind1=" " ind2="3"><subfield code="a">community structure</subfield></datafield><datafield tag="650" ind1=" " ind2="3"><subfield code="a">ecosystems</subfield></datafield><datafield tag="650" ind1=" " ind2="3"><subfield code="a">forest litter</subfield></datafield><datafield tag="650" ind1=" " ind2="3"><subfield code="a">interspecific variation</subfield></datafield><datafield tag="650" ind1=" " ind2="3"><subfield code="a">land use</subfield></datafield><datafield tag="650" ind1=" " ind2="3"><subfield code="a">leaves</subfield></datafield><datafield tag="650" ind1=" " ind2="3"><subfield code="a">models</subfield></datafield><datafield tag="650" ind1=" " ind2="3"><subfield code="a">prediction</subfield></datafield><datafield tag="650" ind1=" " ind2="3"><subfield code="a">secondary forests</subfield></datafield><datafield tag="650" ind1=" " ind2="3"><subfield code="a">soil nutrients</subfield></datafield><datafield tag="650" ind1=" " ind2="3"><subfield code="a">spatial variation</subfield></datafield><datafield tag="650" ind1=" " ind2="3"><subfield code="a">topography</subfield></datafield><datafield tag="650" ind1=" " ind2="3"><subfield code="a">trees</subfield></datafield><datafield tag="650" ind1=" " ind2="3"><subfield code="a">tropical forests</subfield></datafield><datafield tag="650" ind1=" " ind2="3"><subfield code="a">tropics</subfield></datafield><datafield tag="700" ind1="1" ind2=" "><subfield code="a">Turner, Benjamin L.</subfield><subfield code="e">author</subfield><subfield code="u">Smithsonian Tropical Research Institute, Apartado 0843-03092, Balboa, Ancon, Republic of Panama</subfield></datafield><datafield tag="700" ind1="1" ind2=" "><subfield code="a">Thompson, Jill</subfield><subfield code="e">author</subfield></datafield><datafield tag="700" ind1="1" ind2=" "><subfield code="a">Zimmerman, Jess K.</subfield><subfield code="e">author</subfield><subfield code="u">Department of Environmental Science, University of Puerto Rico, Box 70377, Rio Piedras, San Juan 00936-8377 Puerto Rico</subfield></datafield><datafield tag="773" ind1="0" ind2=" "><subfield code="t">Ecological applications.</subfield><subfield code="g">2015 Oct., v. 25, no. 7 p.2022-2034</subfield><subfield code="d">Ecological Society of America</subfield><subfield code="w">Journal:jnl47193</subfield><subfield code="x">1051-0761</subfield><subfield code="7">nnas</subfield></datafield><datafield tag="787" ind1="1" ind2=" "><subfield code="o">islandora_article_repository</subfield></datafield><datafield tag="787" ind1="1" ind2=" "><subfield code="o">product_pubag</subfield></datafield><datafield tag="787" ind1="1" ind2=" "><subfield code="o">(Journal)jnl47193</subfield></datafield><datafield tag="856" ind1="4" ind2="0"><subfield code="u">http://dx.doi.org/10.1890/15-0112.1</subfield><subfield code="3">Available from publisher's site</subfield></datafield><datafield tag="912" ind1=" " ind2=" "><subfield code="a">Article</subfield></datafield><datafield tag="914" ind1=" " ind2=" "><subfield code="a">Journal:jnl47193</subfield><subfield code="b">1051-0761</subfield><subfield code="c">25</subfield><subfield code="d">7</subfield><subfield code="e">2022</subfield></datafield><datafield tag="914" ind1=" " ind2=" "><subfield code="f">Ecological applications</subfield></datafield><datafield tag="916" ind1=" " ind2=" "><subfield code="a">Batch:1910</subfield></datafield><datafield tag="917" ind1=" " ind2=" "><subfield code="a">issued</subfield></datafield><datafield tag="918" ind1="2" ind2=" "><subfield code="a">John Wiley &amp; Sons, Inc</subfield><subfield code="e">provider</subfield><subfield code="5">DNAL</subfield></datafield><datafield tag="935" ind1=" " ind2=" "><subfield code="a">IND605876591</subfield><subfield code="9">ExL</subfield></datafield><datafield tag="949" ind1=" " ind2=" "><subfield code="a">2018-02-28</subfield></datafield><datafield tag="953" ind1=" " ind2=" "><subfield code="a">10510761_2015_25_7.xml</subfield></datafield><datafield tag="962" ind1=" " ind2=" "><subfield code="a">Batch:1910 reviewed on 2018-02-28T15:00:02Z</subfield></datafield><datafield tag="974" ind1=" " ind2=" "><subfield code="a">agid:5876591</subfield></datafield><datafield tag="983" ind1=" " ind2=" "><subfield code="a">2018-01-02</subfield></datafield><datafield tag="984" ind1=" " ind2=" "><subfield code="a">2018-02-28</subfield></datafield></record>