<record><leader>05492nab a2200757 u 4500</leader><controlfield tag="001">9916106826907426</controlfield><controlfield tag="005">20221120190338.0</controlfield><controlfield tag="008">170708e20170901xx |||||o|||||||||||eng||</controlfield><datafield tag="" ind1="7" ind2=" "><subfield code="a">IND605685821</subfield><subfield code="2">DNAL</subfield></datafield><datafield tag="024" ind1="7" ind2=" "><subfield code="a">10.1/j.geomorph.2017.05.006</subfield><subfield code="2">doi</subfield></datafield><datafield tag="035" ind1=" " ind2=" "><subfield code="a">agid:5685821-01nal_inst</subfield></datafield><datafield tag="040" ind1=" " ind2=" "><subfield code="a">AGL</subfield><subfield code="b">eng</subfield><subfield code="c">AGL</subfield></datafield><datafield tag="100" ind1="1" ind2=" "><subfield code="a">López-Vicente, Manuel</subfield><subfield code="e">author</subfield><subfield code="u">Department of Soil and Water, Experimental Station of Aula Dei, EEAD-CSIC, Avda. Montañana 1005, 50059 Zaragoza, Spain</subfield><subfield code="1">https://orcid.org/0000-0002-6379-8844</subfield></datafield><datafield tag="245" ind1="1" ind2="0"><subfield code="a">Effect of tree thinning and skidding trails on hydrological connectivity in two Japanese forest catchments</subfield></datafield><datafield tag="300" ind1=" " ind2=" "><subfield code="a">p. 104-114.</subfield></datafield><datafield tag="520" ind1=" " ind2=" "><subfield code="a">Land use composition and patterns influence the hydrological response in mountainous and forest catchments. In plantation forest, management operations (FMO) modify the spatial and temporal dynamics of overland flow processes. However, we found a gap in the literature focussed on modelling hydrological connectivity (HC) in plantation forest under different FMO. In this study, we simulated HC in two steep paired forest subcatchments (K2 and K3, 33.2ha), composed of Japanese cypress (Chamaecyparis obtusa Endl.) and Japanese cedar (Cryptomeria japonica D. Don) plantations (59% of the total area) against a tree thinning intensity of 50% at different time. Additionally, construction of new skidding trails and vegetation recovery was simulated on five thinning-based scenarios that covered a 40-month test period (July 2010 – October 2013). As a future scenario, six check-dams located in the main streams were proposed to reduce sediment and radionuclide delivery. An updated version of Borselli's index of runoff and sediment connectivity was run, using the D-infinity flow accumulation algorithm and exploiting three 0.5-m resolution digital elevation models. On the basis of the pre-FMO scenario, HC increased at catchment scale owing to tree thinning and the new skidding trails. This change was more noticeable within the area affected by the FMO, where HC increased by 11.4% and 10.5% in the cypress and cedar plantations in K2 respectively and by 8.8% in the cedar plantation in K3. At hillslope plot and stream scales, the evolution in the values of HC was less evident, except the increment (by 5.4%) observed in the streams at K2 after the FMO. Progressive vegetation recovery after the FMO triggered a slight reduction of connectivity in all compartments of both subcatchments. Forest roads and especially skidding trails presented the highest values of HC, appearing as the most efficient features connecting the different vegetation patches with the stream network. The spatial and temporal evolution of HC over the five past scenarios correlated well with the observed changes in runoff yield, as well as with the available values of rainfall interception and throughfall before, during, and after the FMO. The simulation of the proposed scenario recommends the construction of check-dams as effective landscape features to somewhat reduce HC and thus to decrease the sediment and radionuclide delivery rates from the two subcatchments.</subfield></datafield><datafield tag="592" ind1=" " ind2=" "><subfield code="a">Publisher supplied data</subfield></datafield><datafield tag="593" ind1=" " ind2=" "><subfield code="a">PubAg article</subfield></datafield><datafield tag="650" ind1=" " ind2="3"><subfield code="a">Chamaecyparis obtusa</subfield></datafield><datafield tag="650" ind1=" " ind2="3"><subfield code="a">Cryptomeria japonica</subfield></datafield><datafield tag="650" ind1=" " ind2="3"><subfield code="a">algorithms</subfield></datafield><datafield tag="650" ind1=" " ind2="3"><subfield code="a">digital elevation models</subfield></datafield><datafield tag="650" ind1=" " ind2="3"><subfield code="a">forest hydrology</subfield></datafield><datafield tag="650" ind1=" " ind2="3"><subfield code="a">forest plantations</subfield></datafield><datafield tag="650" ind1=" " ind2="3"><subfield code="a">forest roads</subfield></datafield><datafield tag="650" ind1=" " ind2="3"><subfield code="a">forest thinning</subfield></datafield><datafield tag="650" ind1=" " ind2="3"><subfield code="a">forested watersheds</subfield></datafield><datafield tag="650" ind1=" " ind2="3"><subfield code="a">forests</subfield></datafield><datafield tag="650" ind1=" " ind2="3"><subfield code="a">land use</subfield></datafield><datafield tag="650" ind1=" " ind2="3"><subfield code="a">landscapes</subfield></datafield><datafield tag="650" ind1=" " ind2="3"><subfield code="a">overland flow</subfield></datafield><datafield tag="650" ind1=" " ind2="3"><subfield code="a">rain</subfield></datafield><datafield tag="650" ind1=" " ind2="3"><subfield code="a">runoff</subfield></datafield><datafield tag="650" ind1=" " ind2="3"><subfield code="a">sediments</subfield></datafield><datafield tag="650" ind1=" " ind2="3"><subfield code="a">streams</subfield></datafield><datafield tag="650" ind1=" " ind2="3"><subfield code="a">subwatersheds</subfield></datafield><datafield tag="650" ind1=" " ind2="3"><subfield code="a">temporal variation</subfield></datafield><datafield tag="650" ind1=" " ind2="3"><subfield code="a">throughfall</subfield></datafield><datafield tag="650" ind1=" " ind2="3"><subfield code="a">trees</subfield></datafield><datafield tag="651" ind1=" " ind2="3"><subfield code="a">Japan</subfield></datafield><datafield tag="653" ind1=" " ind2="0"><subfield code="a">Hydrological connectivity</subfield></datafield><datafield tag="653" ind1=" " ind2="0"><subfield code="a">Plantation forest</subfield></datafield><datafield tag="653" ind1=" " ind2="0"><subfield code="a">Tree thinning</subfield></datafield><datafield tag="653" ind1=" " ind2="0"><subfield code="a">Skidding trail</subfield></datafield><datafield tag="700" ind1="1" ind2=" "><subfield code="a">Sun, Xinchao</subfield><subfield code="e">author</subfield><subfield code="u">Center for Research in Isotopes and Environmental Dynamics, University of Tsukuba, Tsukuba, Ibaraki 305-8572, Japan</subfield></datafield><datafield tag="700" ind1="1" ind2=" "><subfield code="a">Onda, Yuichi</subfield><subfield code="e">author</subfield><subfield code="u">Center for Research in Isotopes and Environmental Dynamics, University of Tsukuba, Tsukuba, Ibaraki 305-8572, Japan</subfield></datafield><datafield tag="700" ind1="1" ind2=" "><subfield code="a">Kato, Hiroaki</subfield><subfield code="e">author</subfield><subfield code="u">Center for Research in Isotopes and Environmental Dynamics, University of Tsukuba, Tsukuba, Ibaraki 305-8572, Japan</subfield></datafield><datafield tag="700" ind1="1" ind2=" "><subfield code="a">Gomi, Takashi</subfield><subfield code="e">author</subfield><subfield code="u">Department of International Environmental and Agricultural Science, Tokyo University of Agriculture and Technology, Fuchu, Tokyo 183-8509, Japan</subfield></datafield><datafield tag="700" ind1="1" ind2=" "><subfield code="a">Hiraoka, Marino</subfield><subfield code="e">author</subfield><subfield code="u">Center for Research in Isotopes and Environmental Dynamics, University of Tsukuba, Tsukuba, Ibaraki 305-8572, Japan</subfield></datafield><datafield tag="773" ind1="0" ind2=" "><subfield code="t">Geomorphology.</subfield><subfield code="g">2017 Sept. 01, v. 292 p.104-114</subfield><subfield code="d">Elsevier B.V.</subfield><subfield code="x">9-555X</subfield><subfield code="7">nnas</subfield></datafield><datafield tag="787" ind1="1" ind2=" "><subfield code="o">islandora_article_repository</subfield></datafield><datafield tag="787" ind1="1" ind2=" "><subfield code="o">product_pubag</subfield></datafield><datafield tag="787" ind1="1" ind2=" "><subfield code="o">(Journal)12407</subfield></datafield><datafield tag="856" ind1="4" ind2="0"><subfield code="u">http://dx.doi.org/10.1/j.geomorph.2017.05.006</subfield><subfield code="3">Available from publisher's site</subfield></datafield><datafield tag="912" ind1=" " ind2=" "><subfield code="a">Article</subfield></datafield><datafield tag="914" ind1=" " ind2=" "><subfield code="a">Journal:12407</subfield><subfield code="b">9-555X</subfield></datafield><datafield tag="914" ind1=" " ind2=" "><subfield code="f">Geomorphology</subfield></datafield><datafield tag="916" ind1=" " ind2=" "><subfield code="a">Batch:1703</subfield></datafield><datafield tag="917" ind1=" " ind2=" "><subfield code="a">issued</subfield></datafield><datafield tag="918" ind1="2" ind2=" "><subfield code="a">Elsevier Consyn</subfield><subfield code="e">provider</subfield><subfield code="5">DNAL</subfield></datafield><datafield tag="935" ind1=" " ind2=" "><subfield code="a">IND605685821</subfield><subfield code="9">ExL</subfield></datafield><datafield tag="949" ind1=" " ind2=" "><subfield code="a">2017-06-07</subfield></datafield><datafield tag="953" ind1=" " ind2=" "><subfield code="a">17990-00002-HEAD-ONLY-COLL_DEV_SELECTED_SUBJECTS.ZIP</subfield></datafield><datafield tag="974" ind1=" " ind2=" "><subfield code="a">agid:5685821</subfield></datafield><datafield tag="983" ind1=" " ind2=" "><subfield code="a">2017-07-08</subfield></datafield><datafield tag="984" ind1=" " ind2=" "><subfield code="a">2017-07-08</subfield></datafield></record>