<record><leader>04631nab a2200625 u 4500</leader><controlfield tag="001">9916106865807426</controlfield><controlfield tag="005">20221121091541.0</controlfield><controlfield tag="008">141102e201211 xx |||||o|||||||||||eng||</controlfield><datafield tag="" ind1="7" ind2=" "><subfield code="a">IND600876258</subfield><subfield code="2">DNAL</subfield></datafield><datafield tag="024" ind1="7" ind2=" "><subfield code="a">10.1/j.rse.2012.08.013</subfield><subfield code="2">doi</subfield></datafield><datafield tag="035" ind1=" " ind2=" "><subfield code="a">agid:876258-01nal_inst</subfield></datafield><datafield tag="040" ind1=" " ind2=" "><subfield code="a">AGL</subfield><subfield code="b">eng</subfield><subfield code="c">AGL</subfield></datafield><datafield tag="100" ind1="1" ind2=" "><subfield code="a">Clark, Matthew L.</subfield><subfield code="e">author</subfield><subfield code="u">Center for Interdisciplinary Geospatial Analysis, Department of Geography and Global Studies, Sonoma State University, Rohnert Park, CA 94928, USA. Electronic address: mateolclark@gmail.com</subfield></datafield><datafield tag="245" ind1="1" ind2="0"><subfield code="a">Land change for all municipalities in Latin America and the Caribbean assessed from 250-m MODIS imagery (2001–2010)</subfield></datafield><datafield tag="300" ind1=" " ind2=" "><subfield code="a">p. 84-103.</subfield></datafield><datafield tag="520" ind1=" " ind2=" "><subfield code="a">Although over 40years of satellite imagery has greatly helped in documenting the location and extent of human impact, especially deforestation, our ability to confidently detect current patterns of land change at broad spatial scales needs improvement. To address this challenge, we have developed a cost-effective mapping procedure based on 250-m MODIS imagery that produces annual land-use/land-cover (LULC) maps for Latin America and the Caribbean (LAC). This procedure uses annual spectral statistics, collection of references samples with a Web-based tool, and tree-based Random Forests classifiers stratified by biome map regions to produce wall-to-wall, annual LULC maps for 2001 to 2010 that cover all of LAC. Across 26 map regions, overall pixel-level accuracy averaged 80.2±8.1% for eight basic LULC classes, and 84.6±6.5% for a five-class scheme. Municipality-scale area change between 2001 and 2010 in the three dominant classes (woody vegetation, mixed woody/plantation, and agriculture/herbaceous vegetation) was then estimated using regression models fit to 10years of data, thus minimizing the impact of inter-annual class variation on change statistics. Closed-canopy forest area and change between 2001 and 2009 were well correlated with high-resolution maps of the Brazilian Legal Amazon (PRODES project). Our LAC-wide analysis of significant change revealed the recent extent and magnitude of deforestation hotspots, such as in the Amazon moist forests and the dry forests of Argentina, Paraguay and Bolivia. Our data also revealed biome-specific clusters of municipalities with increasing woody vegetation due to forest recovery, reforestation, or woody encroachment. Taken as a whole, our MODIS-based mapping and trend modeling methodology can provide reliable land change data, not just for the tropics or for forest cover, but for all biomes and municipalities in LAC and including multiple LULC classes. Because this information can be produced quickly on an annual time scale, with internally-consistent data sources, it is a very useful tool for resource managers, policy makers, scientists and conservationists interested in tracking recent land change across broad-scale, political and environmental gradients.</subfield></datafield><datafield tag="592" ind1=" " ind2=" "><subfield code="a">Publisher supplied data</subfield></datafield><datafield tag="593" ind1=" " ind2=" "><subfield code="a">PubAg article</subfield></datafield><datafield tag="650" ind1=" " ind2="3"><subfield code="a">Internet</subfield></datafield><datafield tag="650" ind1=" " ind2="3"><subfield code="a">anthropogenic activities</subfield></datafield><datafield tag="650" ind1=" " ind2="3"><subfield code="a">cost effectiveness</subfield></datafield><datafield tag="650" ind1=" " ind2="3"><subfield code="a">deforestation</subfield></datafield><datafield tag="650" ind1=" " ind2="3"><subfield code="a">dry forests</subfield></datafield><datafield tag="650" ind1=" " ind2="3"><subfield code="a">ecosystems</subfield></datafield><datafield tag="650" ind1=" " ind2="3"><subfield code="a">models</subfield></datafield><datafield tag="650" ind1=" " ind2="3"><subfield code="a">moderate resolution imaging spectroradiometer</subfield></datafield><datafield tag="650" ind1=" " ind2="3"><subfield code="a">reforestation</subfield></datafield><datafield tag="650" ind1=" " ind2="3"><subfield code="a">regression analysis</subfield></datafield><datafield tag="650" ind1=" " ind2="3"><subfield code="a">remote sensing</subfield></datafield><datafield tag="650" ind1=" " ind2="3"><subfield code="a">tropics</subfield></datafield><datafield tag="651" ind1=" " ind2="3"><subfield code="a">Argentina</subfield></datafield><datafield tag="651" ind1=" " ind2="3"><subfield code="a">Bolivia</subfield></datafield><datafield tag="651" ind1=" " ind2="3"><subfield code="a">Caribbean</subfield></datafield><datafield tag="651" ind1=" " ind2="3"><subfield code="a">Latin America</subfield></datafield><datafield tag="651" ind1=" " ind2="3"><subfield code="a">Paraguay</subfield></datafield><datafield tag="700" ind1="1" ind2=" "><subfield code="a">Aide, T. Mitchell</subfield><subfield code="e">author</subfield><subfield code="u">P.O. Box 23360, Department of Biology, University of Puerto Rico, San Juan, PR 00931-3360 USA</subfield></datafield><datafield tag="700" ind1="1" ind2=" "><subfield code="a">Riner, George</subfield><subfield code="e">author</subfield><subfield code="u">Center for Interdisciplinary Geospatial Analysis, Department of Geography and Global Studies, Sonoma State University, Rohnert Park, CA 94928, USA</subfield></datafield><datafield tag="773" ind1="0" ind2=" "><subfield code="t">Remote sensing of environment.</subfield><subfield code="g">2012 Nov., v. 126 p.84-103</subfield><subfield code="d">Elsevier Inc.</subfield><subfield code="x">0034-4257</subfield><subfield code="7">nnas</subfield></datafield><datafield tag="787" ind1="1" ind2=" "><subfield code="o">islandora_article_repository</subfield></datafield><datafield tag="787" ind1="1" ind2=" "><subfield code="o">product_pubag</subfield></datafield><datafield tag="787" ind1="1" ind2=" "><subfield code="o">(Journal)11735</subfield></datafield><datafield tag="856" ind1="4" ind2="0"><subfield code="u">http://dx.doi.org/10.1/j.rse.2012.08.013</subfield><subfield code="3">Available from publisher's site</subfield></datafield><datafield tag="912" ind1=" " ind2=" "><subfield code="a">Article</subfield></datafield><datafield tag="914" ind1=" " ind2=" "><subfield code="a">Journal:11735</subfield><subfield code="b">0034-4257</subfield><subfield code="c">126</subfield><subfield code="e">84</subfield></datafield><datafield tag="914" ind1=" " ind2=" "><subfield code="f">Remote sensing of environment</subfield></datafield><datafield tag="916" ind1=" " ind2=" "><subfield code="a">Batch:1</subfield></datafield><datafield tag="917" ind1=" " ind2=" "><subfield code="a">issued</subfield></datafield><datafield tag="918" ind1="2" ind2=" "><subfield code="a">Elsevier B.V.</subfield><subfield code="e">provider</subfield><subfield code="5">DNAL</subfield></datafield><datafield tag="935" ind1=" " ind2=" "><subfield code="a">IND600876258</subfield><subfield code="9">ExL</subfield></datafield><datafield tag="949" ind1=" " ind2=" "><subfield code="a">2015-09-01</subfield></datafield><datafield tag="953" ind1=" " ind2=" "><subfield code="a">NAL20300003442570126000C.xml</subfield></datafield><datafield tag="962" ind1=" " ind2=" "><subfield code="a">Batch:1 reviewed on 2015-09-01T11:00:02Z</subfield></datafield><datafield tag="974" ind1=" " ind2=" "><subfield code="a">agid:876258</subfield></datafield><datafield tag="983" ind1=" " ind2=" "><subfield code="a">2014-11-02</subfield></datafield><datafield tag="984" ind1=" " ind2=" "><subfield code="a">2015-09-01</subfield></datafield></record>