<record><leader>03431nab a2200541 u 4500</leader><controlfield tag="001">9916107105007426</controlfield><controlfield tag="005">20221120031741.0</controlfield><controlfield tag="008">141110s2011 xx |||||o|||||||||||eng||</controlfield><datafield tag="" ind1="7" ind2=" "><subfield code="a">IND44820082</subfield><subfield code="2">DNAL</subfield></datafield><datafield tag="024" ind1="7" ind2=" "><subfield code="a">10.1/j.dendro.2010.08.002</subfield><subfield code="2">doi</subfield></datafield><datafield tag="035" ind1=" " ind2=" "><subfield code="a">agid:564742-01nal_inst</subfield></datafield><datafield tag="040" ind1=" " ind2=" "><subfield code="a">AGL</subfield><subfield code="b">eng</subfield><subfield code="c">AGL</subfield></datafield><datafield tag="100" ind1="1" ind2=" "><subfield code="a">Nelson, Trisalyn A.</subfield><subfield code="e">author</subfield><subfield code="u">Spatial Pattern Analysis and Research Laboratory, Department of Geography, University of Victoria, Victoria, British Columbia V8W 3R4, Canada</subfield></datafield><datafield tag="245" ind1="1" ind2="0"><subfield code="a">Detecting spatial connections within a dendrochronological network on Vancouver Island, British Columbia</subfield></datafield><datafield tag="300" ind1=" " ind2=" "><subfield code="a">p. 49-54.</subfield></datafield><datafield tag="520" ind1=" " ind2=" "><subfield code="a">In dendrochronology, temporal patterns in radial growth are considered an expression of historical climate processes that cannot be measured. Dendrochronological networks, developed to characterize the geographical and temporal patterns of tree rings, have additional spatial information that can add to our understanding of historical climate conditions. This paper summarizes the use of spatial autocorrelation statistical tools for quantifying spatial trends in dendrochronological networks. Using this approach it is possible to characterize the spatial nature of the process influencing radial growth trends within a tree-ring network. Using a local or mapable measure of spatial autocorrelation it is possible to locate clusters of similar and extreme radial growth trends in any given year and to characterize the persistence of spatial patterns of growth through time. Applied to a dendrochronological network of yellow-cedar (Chamaecyparis nootkatensis (D. Don) Spach), our results suggest that spatial patterns in extreme growth are most often associated with growth limiting climate processes.</subfield></datafield><datafield tag="592" ind1=" " ind2=" "><subfield code="a">Publisher supplied data</subfield></datafield><datafield tag="593" ind1=" " ind2=" "><subfield code="a">PubAg article</subfield></datafield><datafield tag="650" ind1=" " ind2="3"><subfield code="a">Xanthocyparis nootkatensis</subfield></datafield><datafield tag="650" ind1=" " ind2="3"><subfield code="a">autocorrelation</subfield></datafield><datafield tag="650" ind1=" " ind2="3"><subfield code="a">climate</subfield></datafield><datafield tag="650" ind1=" " ind2="3"><subfield code="a">growth rings</subfield></datafield><datafield tag="651" ind1=" " ind2="3"><subfield code="a">British Columbia</subfield></datafield><datafield tag="700" ind1="1" ind2=" "><subfield code="a">Laroque, Colin P.</subfield><subfield code="e">author</subfield><subfield code="u">Mount Allison Dendrochronolgy Laboratory, Department of Geography, Mount Allison University, 144 Main Street, Sackville, New Brunswick E4L 1A7, Canada</subfield></datafield><datafield tag="700" ind1="1" ind2=" "><subfield code="a">Smith, Dan J.</subfield><subfield code="e">author</subfield><subfield code="u">University of Victoria Tree-Ring Laboratory, Department of Geography, University of Victoria, Victoria, British Columbia V8W 3R4, Canada</subfield></datafield><datafield tag="773" ind1="0" ind2=" "><subfield code="t">Dendrochronologia.</subfield><subfield code="g">2011, v. 29, no. 1 p.49-54</subfield><subfield code="d">Elsevier GmbH</subfield><subfield code="x">1125-7865</subfield><subfield code="7">nnas</subfield></datafield><datafield tag="787" ind1="1" ind2=" "><subfield code="o">islandora_article_repository</subfield></datafield><datafield tag="787" ind1="1" ind2=" "><subfield code="o">product_pubag</subfield></datafield><datafield tag="787" ind1="1" ind2=" "><subfield code="o">(Journal)jnl71157</subfield></datafield><datafield tag="856" ind1="4" ind2="0"><subfield code="u">http://dx.doi.org/10.1/j.dendro.2010.08.002</subfield><subfield code="3">Available from publisher's site</subfield></datafield><datafield tag="912" ind1=" " ind2=" "><subfield code="a">Article</subfield></datafield><datafield tag="914" ind1=" " ind2=" "><subfield code="a">Journal:jnl71157</subfield><subfield code="b">1125-7865</subfield><subfield code="c">29</subfield><subfield code="d">1</subfield><subfield code="e">49</subfield></datafield><datafield tag="914" ind1=" " ind2=" "><subfield code="f">Dendrochronologia</subfield></datafield><datafield tag="917" ind1=" " ind2=" "><subfield code="a">issued</subfield></datafield><datafield tag="918" ind1="2" ind2=" "><subfield code="a">Elsevier B.V.</subfield><subfield code="e">provider</subfield><subfield code="5">DNAL</subfield></datafield><datafield tag="935" ind1=" " ind2=" "><subfield code="a">IND44820082</subfield><subfield code="9">ExL</subfield></datafield><datafield tag="949" ind1=" " ind2=" "><subfield code="a">2014-06-16</subfield></datafield><datafield tag="953" ind1=" " ind2=" "><subfield code="a">NAL268801125786500290001.xml</subfield></datafield><datafield tag="962" ind1=" " ind2=" "><subfield code="a">Batch:478 annotated on 2014-03-24T14:29:50Z</subfield></datafield><datafield tag="962" ind1=" " ind2=" "><subfield code="a">Batch:478 annotated on 2014-05-06T10:54:26Z</subfield></datafield><datafield tag="962" ind1=" " ind2=" "><subfield code="a">Batch:478 annotated on 2014-05-06T14:02:40Z</subfield></datafield><datafield tag="962" ind1=" " ind2=" "><subfield code="a">Batch:478 reviewed on 2014-06-06T04:00:03Z</subfield></datafield><datafield tag="962" ind1=" " ind2=" "><subfield code="a">Batch:478 reviewed on 2014-06-13T11:00:02Z</subfield></datafield><datafield tag="962" ind1=" " ind2=" "><subfield code="a">Batch:478 reviewed on 2014-06-16T04:00:02Z</subfield></datafield><datafield tag="962" ind1=" " ind2=" "><subfield code="a">Batch:478 reviewed on 2014-06-16T11:00:02Z</subfield></datafield><datafield tag="974" ind1=" " ind2=" "><subfield code="a">agid:564742</subfield></datafield><datafield tag="983" ind1=" " ind2=" "><subfield code="a">2014-11-10</subfield></datafield><datafield tag="984" ind1=" " ind2=" "><subfield code="a">2014-11-10</subfield></datafield></record>