<record><leader>05500nab a2200697 u 4500</leader><controlfield tag="001">9916107735407426</controlfield><controlfield tag="005">20221121054753.0</controlfield><controlfield tag="008">141102e201207 xx |||||o|||||||||||eng||</controlfield><datafield tag="" ind1="7" ind2=" "><subfield code="a">IND600876100</subfield><subfield code="2">DNAL</subfield></datafield><datafield tag="024" ind1="7" ind2=" "><subfield code="a">10.1/j.rse.2011.09.023</subfield><subfield code="2">doi</subfield></datafield><datafield tag="035" ind1=" " ind2=" "><subfield code="a">agid:876100-01nal_inst</subfield></datafield><datafield tag="040" ind1=" " ind2=" "><subfield code="a">AGL</subfield><subfield code="b">eng</subfield><subfield code="c">AGL</subfield></datafield><datafield tag="100" ind1="1" ind2=" "><subfield code="a">Gavier-Pizarro, Gregorio I.</subfield><subfield code="e">author</subfield><subfield code="u">Department of Forest and Wildlife Ecology, University of Wisconsin, Madison, 1630 Linden Drive, Madison, WI 53706, United States</subfield></datafield><datafield tag="245" ind1="1" ind2="0"><subfield code="a">Monitoring the invasion of an exotic tree (Ligustrum lucidum) from 1983 to 2006 with Landsat TM/ETM+ satellite data and Support Vector Machines in Córdoba, Argentina</subfield></datafield><datafield tag="300" ind1=" " ind2=" "><subfield code="a">p. 134-145.</subfield></datafield><datafield tag="520" ind1=" " ind2=" "><subfield code="a">In central Argentina, the Chinese tree glossy privet (Ligustrum lucidum) is an aggressive invasive species replacing native forests, forming dense stands, and is thus a major conservation concern. Mapping the spread of biological invasions is a necessary first step toward understanding the factors determining invasion patterns. Urban areas may function as propagule sources for glossy privet because it has been used as a landscaping tree for over a century. The objectives of this paper were to 1) map the patterns of glossy privet expansion from 1983 to 2006 using a time series of Landsat TM/ETM+ images, and 2) analyze the spatial pattern of glossy privet stands with regard to urban extent. Using six summer Landsat TM images (1983, 1987, 1992, 1997, 2001, and 2006) the expansion of glossy privet was analyzed using Support Vector Machines (SVM), a non-parametric classifier which we applied to a stack of all images simultaneously, a novel approach in its application to monitor non-native tree invasions. We then measured the area of glossy privet in a series of 200-m buffers at increasing distances around urban areas in 1983 and 2006, and compared it with the amount of privet expected in proportion to buffer area. Glossy privet in the study area has spread very rapidly during the 23years that we studied and the SVM resulted in highly accurate classifications (Kappa Index 0.88, commission error 0.07, omission error 0.16). Between 1983 and 2006 glossy privet area increased 50 times (from 50 to 2500ha), and 20% of all forest in the study area is now dominated by glossy privet. Most of the glossy privet dominated stands were located within 600m of urban areas. However, the rate of glossy privet expansion accelerated substantially after 1992 and new glossy privet dominated stands tend to be located away from urban areas. This suggests that glossy privet is now self-sustaining, but expected urban growth in the area could further foster glossy privet invasion. Management and development plans should include mitigation efforts to contain this species and prevent invasion into native forests, and citizens should be informed about the risk of invasion associated with the use of glossy privet for landscaping.</subfield></datafield><datafield tag="592" ind1=" " ind2=" "><subfield code="a">Publisher supplied data</subfield></datafield><datafield tag="593" ind1=" " ind2=" "><subfield code="a">PubAg article</subfield></datafield><datafield tag="650" ind1=" " ind2="3"><subfield code="a">Landsat</subfield></datafield><datafield tag="650" ind1=" " ind2="3"><subfield code="a">Ligustrum lucidum</subfield></datafield><datafield tag="650" ind1=" " ind2="3"><subfield code="a">buffers</subfield></datafield><datafield tag="650" ind1=" " ind2="3"><subfield code="a">conservation buffers</subfield></datafield><datafield tag="650" ind1=" " ind2="3"><subfield code="a">ecological invasion</subfield></datafield><datafield tag="650" ind1=" " ind2="3"><subfield code="a">forests</subfield></datafield><datafield tag="650" ind1=" " ind2="3"><subfield code="a">invasive species</subfield></datafield><datafield tag="650" ind1=" " ind2="3"><subfield code="a">landscaping</subfield></datafield><datafield tag="650" ind1=" " ind2="3"><subfield code="a">monitoring</subfield></datafield><datafield tag="650" ind1=" " ind2="3"><subfield code="a">remote sensing</subfield></datafield><datafield tag="650" ind1=" " ind2="3"><subfield code="a">risk</subfield></datafield><datafield tag="650" ind1=" " ind2="3"><subfield code="a">summer</subfield></datafield><datafield tag="650" ind1=" " ind2="3"><subfield code="a">support vector machines</subfield></datafield><datafield tag="650" ind1=" " ind2="3"><subfield code="a">time series analysis</subfield></datafield><datafield tag="650" ind1=" " ind2="3"><subfield code="a">trees</subfield></datafield><datafield tag="650" ind1=" " ind2="3"><subfield code="a">urban areas</subfield></datafield><datafield tag="650" ind1=" " ind2="3"><subfield code="a">urbanization</subfield></datafield><datafield tag="651" ind1=" " ind2="3"><subfield code="a">Argentina</subfield></datafield><datafield tag="700" ind1="1" ind2=" "><subfield code="a">Kuemmerle, Tobias</subfield><subfield code="e">author</subfield><subfield code="u">Earth System Analysis, Potsdam Institute for Climate Impact Research (PIK), P.O. Box 60 12 03, Telegraphenberg A62, D-14412 Potsdam, Germany; Geography Department, Humboldt-Universität zu Berlin, Unter den Linden 6, 10099 Berlin, Germany</subfield></datafield><datafield tag="700" ind1="1" ind2=" "><subfield code="a">Hoyos, Laura E.</subfield><subfield code="e">author</subfield><subfield code="u">Instituto Multidisciplinario de Biología Vegetal (IMBIV-CONICET), and Facultad de Ciencias Exactas, Físicas y Naturales, Universidad Nacional de Córdoba, Av. Vélez Sarsfield 299, C.C. 495, 5000 Córdoba, Argentina</subfield></datafield><datafield tag="700" ind1="1" ind2=" "><subfield code="a">Stewart, Susan I.</subfield><subfield code="e">author</subfield><subfield code="u">USDA-Forest Service Northern Research Station, 1033 University Place, Suite 360, Evanston, IL 60201, United States</subfield></datafield><datafield tag="700" ind1="1" ind2=" "><subfield code="a">Huebner, Cynthia D.</subfield><subfield code="e">author</subfield><subfield code="u">USDA-Forest Service Northern Research Station, 180 Canfield St, Morgantown, WV 26505, United States</subfield></datafield><datafield tag="700" ind1="1" ind2=" "><subfield code="a">Keuler, Nicholas S.</subfield><subfield code="e">author</subfield><subfield code="u">Department of Statistics, University of Wisconsin, Madison, 1300 University Avenue, Madison, WI 53706, United States</subfield></datafield><datafield tag="700" ind1="1" ind2=" "><subfield code="a">Radeloff, Volker C.</subfield><subfield code="e">author</subfield><subfield code="u">Department of Forest and Wildlife Ecology, University of Wisconsin, Madison, 1630 Linden Drive, Madison, WI 53706, United States</subfield></datafield><datafield tag="773" ind1="0" ind2=" "><subfield code="t">Remote sensing of environment.</subfield><subfield code="g">2012 July, v. 122 p.134-145</subfield><subfield code="d">Elsevier Inc.</subfield><subfield code="x">0034-4257</subfield><subfield code="7">nnas</subfield></datafield><datafield tag="787" ind1="1" ind2=" "><subfield code="o">islandora_article_repository</subfield></datafield><datafield tag="787" ind1="1" ind2=" "><subfield code="o">product_pubag</subfield></datafield><datafield tag="787" ind1="1" ind2=" "><subfield code="o">(Journal)11735</subfield></datafield><datafield tag="856" ind1="4" ind2="0"><subfield code="u">http://dx.doi.org/10.1/j.rse.2011.09.023</subfield><subfield code="3">Available from publisher's site</subfield></datafield><datafield tag="912" ind1=" " ind2=" "><subfield code="a">Article</subfield></datafield><datafield tag="914" ind1=" " ind2=" "><subfield code="a">Journal:11735</subfield><subfield code="b">0034-4257</subfield><subfield code="c">122</subfield><subfield code="e">134</subfield></datafield><datafield tag="914" ind1=" " ind2=" "><subfield code="f">Remote sensing of environment</subfield></datafield><datafield tag="916" ind1=" " ind2=" "><subfield code="a">Batch:1</subfield></datafield><datafield tag="917" ind1=" " ind2=" "><subfield code="a">issued</subfield></datafield><datafield tag="918" ind1="2" ind2=" "><subfield code="a">Elsevier B.V.</subfield><subfield code="e">provider</subfield><subfield code="5">DNAL</subfield></datafield><datafield tag="935" ind1=" " ind2=" "><subfield code="a">IND600876100</subfield><subfield code="9">ExL</subfield></datafield><datafield tag="949" ind1=" " ind2=" "><subfield code="a">2015-09-01</subfield></datafield><datafield tag="953" ind1=" " ind2=" "><subfield code="a">NAL20300003442570122000C.xml</subfield></datafield><datafield tag="961" ind1=" " ind2=" "><subfield code="a">USDA/FS</subfield></datafield><datafield tag="962" ind1=" " ind2=" "><subfield code="a">Batch:1 reviewed on 2015-09-01T11:00:02Z</subfield></datafield><datafield tag="974" ind1=" " ind2=" "><subfield code="a">agid:876100</subfield></datafield><datafield tag="983" ind1=" " ind2=" "><subfield code="a">2014-11-02</subfield></datafield><datafield tag="984" ind1=" " ind2=" "><subfield code="a">2015-09-01</subfield></datafield></record>