<record><leader>03727nab a2200541 u 4500</leader><controlfield tag="001">9916107908307426</controlfield><controlfield tag="005">20221120023652.0</controlfield><controlfield tag="008">141102e201208 xx |||||o|||||||||||eng||</controlfield><datafield tag="" ind1="7" ind2=" "><subfield code="a">IND600876126</subfield><subfield code="2">DNAL</subfield></datafield><datafield tag="024" ind1="7" ind2=" "><subfield code="a">10.1/j.rse.2012.03.015</subfield><subfield code="2">doi</subfield></datafield><datafield tag="035" ind1=" " ind2=" "><subfield code="a">agid:876126-01nal_inst</subfield></datafield><datafield tag="040" ind1=" " ind2=" "><subfield code="a">AGL</subfield><subfield code="b">eng</subfield><subfield code="c">AGL</subfield></datafield><datafield tag="100" ind1="1" ind2=" "><subfield code="a">Collin, Antoine</subfield><subfield code="e">author</subfield><subfield code="u">Department of Geosciences, INRS-ETE, University of Québec, Québec, Canada</subfield></datafield><datafield tag="245" ind1="1" ind2="0"><subfield code="a">Merging land-marine realms: Spatial patterns of seamless coastal habitats using a multispectral LiDAR</subfield></datafield><datafield tag="300" ind1=" " ind2=" "><subfield code="a">p. 390-399.</subfield></datafield><datafield tag="520" ind1=" " ind2=" "><subfield code="a">A lack of spatially, structurally and thematically accurate habitat data complicates conservation and management planning as well as ecological research within structurally complex littoral enviromnents. The Scanning Hydrographic Operational Airborne Light Detection And Ranging (LiDAR) Survey (SHOALS) has considerable potential to provide such data, by means of its proficiency in generating high-resolution measurements of emerged and immersed elevations and to create thematic maps. Return signals, i.e., waveforms, contain signatures and structural information of salt-marsh and benthic cover. This paper focuses on the capability of the SHOALS to assess the structural complexity of emerged and immersed coastal habitats, and to define the contribution of SHOALS data, both elevation and intensity, in order to accurately and seamlessly map these habitats from supratidal to nearshore levels. The study area was selected based upon the variety of littoral cover types, encompassing kelp habitat, eelgrass meadow, beach, salt-marsh, farm and urban coastal environments. Firstly, the LiDAR-derived green waveform, through an ad hoc decision-tree, satisfactorily assessed the structural complexity of littoral habitats (r=0.75, p&lt;0.01). Secondly, synergistic combination between NDLVI (LiDAR-derived red and near-infrared data) and topographic/bathymetric surfaces (LiDAR-derived near-infrared and green, respectively) enabled the accurate mapping of 19 littoral habitats (overall accuracy and kappa coefficient equaled to 90.09% and 0.8883, respectively). Accordingly, a single multispectral (three bands) LiDAR survey holds significant potential for monitoring small-scale structural complexity, as well as constructing spatially and temporally seamless patterns of coastal habitats.</subfield></datafield><datafield tag="592" ind1=" " ind2=" "><subfield code="a">Publisher supplied data</subfield></datafield><datafield tag="593" ind1=" " ind2=" "><subfield code="a">PubAg article</subfield></datafield><datafield tag="650" ind1=" " ind2="3"><subfield code="a">Zostera marina</subfield></datafield><datafield tag="650" ind1=" " ind2="3"><subfield code="a">decision support systems</subfield></datafield><datafield tag="650" ind1=" " ind2="3"><subfield code="a">farms</subfield></datafield><datafield tag="650" ind1=" " ind2="3"><subfield code="a">habitats</subfield></datafield><datafield tag="650" ind1=" " ind2="3"><subfield code="a">lidar</subfield></datafield><datafield tag="650" ind1=" " ind2="3"><subfield code="a">macroalgae</subfield></datafield><datafield tag="650" ind1=" " ind2="3"><subfield code="a">monitoring</subfield></datafield><datafield tag="650" ind1=" " ind2="3"><subfield code="a">remote sensing</subfield></datafield><datafield tag="650" ind1=" " ind2="3"><subfield code="a">surveys</subfield></datafield><datafield tag="650" ind1=" " ind2="3"><subfield code="a">thematic maps</subfield></datafield><datafield tag="700" ind1="1" ind2=" "><subfield code="a">Long, Bernard</subfield><subfield code="e">author</subfield><subfield code="u">Department of Geosciences, INRS-ETE, University of Québec, Québec, Canada</subfield></datafield><datafield tag="700" ind1="1" ind2=" "><subfield code="a">Archambault, Phillippe</subfield><subfield code="e">author</subfield><subfield code="u">Institut des Sciences de la Mer, Université du Québec à Rimouski, Rimouski, Canada</subfield></datafield><datafield tag="773" ind1="0" ind2=" "><subfield code="t">Remote sensing of environment.</subfield><subfield code="g">2012 Aug., v. 123 p.390-399</subfield><subfield code="d">Elsevier Inc.</subfield><subfield code="x">0034-4257</subfield><subfield code="7">nnas</subfield></datafield><datafield tag="787" ind1="1" ind2=" "><subfield code="o">islandora_article_repository</subfield></datafield><datafield tag="787" ind1="1" ind2=" "><subfield code="o">product_pubag</subfield></datafield><datafield tag="787" ind1="1" ind2=" "><subfield code="o">(Journal)11735</subfield></datafield><datafield tag="856" ind1="4" ind2="0"><subfield code="u">http://dx.doi.org/10.1/j.rse.2012.03.015</subfield><subfield code="3">Available from publisher's site</subfield></datafield><datafield tag="912" ind1=" " ind2=" "><subfield code="a">Article</subfield></datafield><datafield tag="914" ind1=" " ind2=" "><subfield code="a">Journal:11735</subfield><subfield code="b">0034-4257</subfield><subfield code="c">123</subfield><subfield code="e">390</subfield></datafield><datafield tag="914" ind1=" " ind2=" "><subfield code="f">Remote sensing of environment</subfield></datafield><datafield tag="916" ind1=" " ind2=" "><subfield code="a">Batch:1</subfield></datafield><datafield tag="917" ind1=" " ind2=" "><subfield code="a">issued</subfield></datafield><datafield tag="918" ind1="2" ind2=" "><subfield code="a">Elsevier B.V.</subfield><subfield code="e">provider</subfield><subfield code="5">DNAL</subfield></datafield><datafield tag="935" ind1=" " ind2=" "><subfield code="a">IND600876126</subfield><subfield code="9">ExL</subfield></datafield><datafield tag="949" ind1=" " ind2=" "><subfield code="a">2015-09-01</subfield></datafield><datafield tag="953" ind1=" " ind2=" "><subfield code="a">NAL20300003442570123000C.xml</subfield></datafield><datafield tag="962" ind1=" " ind2=" "><subfield code="a">Batch:1 reviewed on 2015-09-01T11:00:02Z</subfield></datafield><datafield tag="974" ind1=" " ind2=" "><subfield code="a">agid:876126</subfield></datafield><datafield tag="983" ind1=" " ind2=" "><subfield code="a">2014-11-02</subfield></datafield><datafield tag="984" ind1=" " ind2=" "><subfield code="a">2015-09-01</subfield></datafield></record>