<record><leader>03712nab a2200625 u 4500</leader><controlfield tag="001">9916108164507426</controlfield><controlfield tag="005">20221121055317.0</controlfield><controlfield tag="008">190321e201901 xx |||||o|||||||||||eng||</controlfield><datafield tag="" ind1="7" ind2=" "><subfield code="a">IND606285999</subfield><subfield code="2">DNAL</subfield></datafield><datafield tag="024" ind1="7" ind2=" "><subfield code="a">10.1/j.gloenvcha.2019.01.003</subfield><subfield code="2">doi</subfield></datafield><datafield tag="035" ind1=" " ind2=" "><subfield code="a">agid:6285999-01nal_inst</subfield></datafield><datafield tag="040" ind1=" " ind2=" "><subfield code="a">AGL</subfield><subfield code="b">eng</subfield><subfield code="c">AGL</subfield></datafield><datafield tag="100" ind1="1" ind2=" "><subfield code="a">Fent, Ashley</subfield><subfield code="e">author</subfield></datafield><datafield tag="245" ind1="1" ind2="0"><subfield code="a">Transborder political ecology of mangroves in Senegal and The Gambia</subfield></datafield><datafield tag="300" ind1=" " ind2=" "><subfield code="a">p. 214-226.</subfield></datafield><datafield tag="500" ind1=" " ind2=" "><subfield code="a">2019-12-06</subfield></datafield><datafield tag="520" ind1=" " ind2=" "><subfield code="a">Existing studies of mangroves in Senegal and The Gambia have found net increases in mangrove tree cover at the national scale, but these do not accord with local accounts and explanations of loss. This paper utilizes remote sensing analysis and political ecology frameworks to assess local accounts of mangrove wood trafficking across the border between The Gambia and southern Senegal, which were encountered in conducting qualitative field research. The remote sensing results demonstrate overall increases in mangrove cover in The Gambia and in the Sine Saloum and Low Casamance estuaries in Senegal between 1988 and 2018, but also highlight greater declines in mangrove cover in Low Casamance in the 1990s—a period of heightened regional political conflict—and in particular areas of the estuary near the Gambian and Guinea-Bissauan borders. Focusing on political ecology’s attention to multiple scales of analysis, this paper addresses divergent interpretations of mangrove changes in the region, and how local accounts of destruction may not be fully captured by the scale of observation and analysis in remote sensing. The paper argues for greater attention to spatial and temporal variation in studies of mangrove dynamics, and greater consideration for how these patterns may result from confluences of political, social, and natural factors.</subfield></datafield><datafield tag="592" ind1=" " ind2=" "><subfield code="a">Publisher supplied data</subfield></datafield><datafield tag="593" ind1=" " ind2=" "><subfield code="a">PubAg article</subfield></datafield><datafield tag="650" ind1=" " ind2="3"><subfield code="a">temporal variation</subfield></datafield><datafield tag="650" ind1=" " ind2="3"><subfield code="a">politics</subfield></datafield><datafield tag="650" ind1=" " ind2="3"><subfield code="a">wood</subfield></datafield><datafield tag="650" ind1=" " ind2="3"><subfield code="a">ecology</subfield></datafield><datafield tag="650" ind1=" " ind2="3"><subfield code="a">remote sensing</subfield></datafield><datafield tag="650" ind1=" " ind2="3"><subfield code="a">estuaries</subfield></datafield><datafield tag="651" ind1=" " ind2="3"><subfield code="a">Gambia</subfield></datafield><datafield tag="651" ind1=" " ind2="3"><subfield code="a">Senegal</subfield></datafield><datafield tag="653" ind1=" " ind2="0"><subfield code="a">Political ecology</subfield></datafield><datafield tag="653" ind1=" " ind2="0"><subfield code="a">mangroves</subfield></datafield><datafield tag="653" ind1=" " ind2="0"><subfield code="a">West Africa</subfield></datafield><datafield tag="653" ind1=" " ind2="0"><subfield code="a">Scale</subfield></datafield><datafield tag="653" ind1=" " ind2="0"><subfield code="a">Remote sensing</subfield></datafield><datafield tag="653" ind1=" " ind2="0"><subfield code="a">Mangroves</subfield></datafield><datafield tag="700" ind1="1" ind2=" "><subfield code="a">Bardou, Rémi</subfield><subfield code="e">author</subfield><subfield code="u">Department of Geography, University of California, Los Angeles, 1255 Bunche Hall Box 951524, Los Angeles, CA, 90095, United States</subfield></datafield><datafield tag="700" ind1="1" ind2=" "><subfield code="a">Carney, Judith</subfield><subfield code="e">author</subfield><subfield code="u">Department of Geography, University of California, Los Angeles, 1255 Bunche Hall Box 951524, Los Angeles, CA, 90095, United States</subfield></datafield><datafield tag="700" ind1="1" ind2=" "><subfield code="a">Cavanaugh, Kyle</subfield><subfield code="e">author</subfield><subfield code="u">Department of Geography, University of California, Los Angeles, 1255 Bunche Hall Box 951524, Los Angeles, CA, 90095, United States</subfield></datafield><datafield tag="773" ind1="0" ind2=" "><subfield code="t">Global environmental change.</subfield><subfield code="g">2019 Jan., v. 54 p.214-226</subfield><subfield code="d">Elsevier Ltd</subfield><subfield code="w">Journal:2063</subfield><subfield code="x">0959-3780</subfield><subfield code="7">nnas</subfield></datafield><datafield tag="787" ind1="1" ind2=" "><subfield code="o">islandora_article_repository</subfield></datafield><datafield tag="787" ind1="1" ind2=" "><subfield code="o">product_pubag</subfield></datafield><datafield tag="787" ind1="1" ind2=" "><subfield code="o">(Journal)2063</subfield></datafield><datafield tag="856" ind1="4" ind2="0"><subfield code="u">https://dx.doi.org/10.1/j.gloenvcha.2019.01.003</subfield><subfield code="3">Available from publisher's site</subfield></datafield><datafield tag="912" ind1=" " ind2=" "><subfield code="a">Article</subfield></datafield><datafield tag="914" ind1=" " ind2=" "><subfield code="a">Journal:2063</subfield><subfield code="b">0959-3780</subfield><subfield code="c">54</subfield><subfield code="e">214</subfield></datafield><datafield tag="914" ind1=" " ind2=" "><subfield code="f">Global environmental change</subfield></datafield><datafield tag="916" ind1=" " ind2=" "><subfield code="a">Batch:2138</subfield></datafield><datafield tag="917" ind1=" " ind2=" "><subfield code="a">issued</subfield></datafield><datafield tag="918" ind1="2" ind2=" "><subfield code="a">Elsevier Consyn</subfield><subfield code="e">provider</subfield><subfield code="5">DNAL</subfield></datafield><datafield tag="935" ind1=" " ind2=" "><subfield code="a">IND606285999</subfield><subfield code="9">ExL</subfield></datafield><datafield tag="949" ind1=" " ind2=" "><subfield code="a">2019-03-21</subfield></datafield><datafield tag="953" ind1=" " ind2=" "><subfield code="a">/data/metadata/incoming/consyn/11453-00003-HEAD-ONLY-NEW CONSYN ISSNS.zip</subfield></datafield><datafield tag="954" ind1=" " ind2=" "><subfield code="a">file:/data/metadata/staging/consyn/S0959378018308094.xml</subfield></datafield><datafield tag="955" ind1=" " ind2=" "><subfield code="a">/data/metadata/staging/consyn/</subfield></datafield><datafield tag="974" ind1=" " ind2=" "><subfield code="a">agid:6285999</subfield></datafield><datafield tag="983" ind1=" " ind2=" "><subfield code="a">2019-03-21</subfield></datafield><datafield tag="984" ind1=" " ind2=" "><subfield code="a">2019-03-21</subfield></datafield></record>