<record><leader>07887nab a2200877 u 4500</leader><controlfield tag="001">9916108789107426</controlfield><controlfield tag="005">20221123020516.0</controlfield><controlfield tag="008">200128e20200301xx |||||o|||||||||||eng||</controlfield><datafield tag="" ind1="7" ind2=" "><subfield code="a">IND606560410</subfield><subfield code="2">DNAL</subfield></datafield><datafield tag="024" ind1="7" ind2=" "><subfield code="a">10.1/j.rse.2019.111356</subfield><subfield code="2">doi</subfield></datafield><datafield tag="035" ind1=" " ind2=" "><subfield code="a">agid:6560410-01nal_inst</subfield></datafield><datafield tag="040" ind1=" " ind2=" "><subfield code="a">AGL</subfield><subfield code="b">eng</subfield><subfield code="c">AGL</subfield></datafield><datafield tag="100" ind1="1" ind2=" "><subfield code="a">Brown, Jesslyn F.</subfield><subfield code="e">author</subfield><subfield code="u">U.S. Geological Survey (USGS), Earth Resources Observation and Science (EROS) Center, 47914 252nd Street, Sioux Falls, SD 57198, USA</subfield><subfield code="1">https://orcid.org/0000-0002-9976-1998</subfield></datafield><datafield tag="245" ind1="1" ind2="0"><subfield code="a">Lessons learned implementing an operational continuous United States national land change monitoring capability: The Land Change Monitoring, Assessment, and Projection (LCMAP) approach</subfield></datafield><datafield tag="520" ind1=" " ind2=" "><subfield code="a">Growing demands for temporally specific information on land surface change are fueling a new generation of maps and statistics that can contribute to understanding geographic and temporal patterns of change across large regions, provide input into a wide range of environmental modeling studies, clarify the drivers of change, and provide more timely information for land managers. To meet these needs, the U.S. Geological Survey has implemented a capability to monitor land surface change called the Land Change Monitoring, Assessment, and Projection (LCMAP) initiative. This paper describes the methodological foundations and lessons learned during development and testing of the LCMAP approach. Testing and evaluation of a suite of 10 annual land cover and land surface change data sets over six diverse study areas across the United States revealed good agreement with other published maps (overall agreement ranged from 73% to 87%) as well as several challenges that needed to be addressed to meet the goals of robust, repeatable, and geographically consistent monitoring results from the Continuous Change Detection and Classification (CCDC) algorithm. First, the high spatial and temporal variability of observational frequency led to differences in the number of changes identified, so CCDC was modified such that change detection is dependent on observational frequency. Second, the CCDC classification methodology was modified to improve its ability to characterize gradual land surface changes. Third, modifications were made to the classification element of CCDC to improve the representativeness of training data, which necessitated replacing the random forest algorithm with a boosted decision tree. Following these modifications, assessment of prototype Version 1 LCMAP results showed improvements in overall agreement (ranging from 85% to 90%).</subfield></datafield><datafield tag="592" ind1=" " ind2=" "><subfield code="a">Publisher supplied data</subfield></datafield><datafield tag="593" ind1=" " ind2=" "><subfield code="a">PubAg article</subfield></datafield><datafield tag="650" ind1=" " ind2="3"><subfield code="a">United States Geological Survey</subfield></datafield><datafield tag="650" ind1=" " ind2="3"><subfield code="a">algorithms</subfield></datafield><datafield tag="650" ind1=" " ind2="3"><subfield code="a">data collection</subfield></datafield><datafield tag="650" ind1=" " ind2="3"><subfield code="a">decision support systems</subfield></datafield><datafield tag="650" ind1=" " ind2="3"><subfield code="a">environmental models</subfield></datafield><datafield tag="650" ind1=" " ind2="3"><subfield code="a">land cover</subfield></datafield><datafield tag="650" ind1=" " ind2="3"><subfield code="a">managers</subfield></datafield><datafield tag="650" ind1=" " ind2="3"><subfield code="a">monitoring</subfield></datafield><datafield tag="650" ind1=" " ind2="3"><subfield code="a">prototypes</subfield></datafield><datafield tag="650" ind1=" " ind2="3"><subfield code="a">remote sensing</subfield></datafield><datafield tag="650" ind1=" " ind2="3"><subfield code="a">statistics</subfield></datafield><datafield tag="650" ind1=" " ind2="3"><subfield code="a">temporal variation</subfield></datafield><datafield tag="651" ind1=" " ind2="3"><subfield code="a">United States</subfield></datafield><datafield tag="653" ind1=" " ind2="0"><subfield code="a">Time series</subfield></datafield><datafield tag="653" ind1=" " ind2="0"><subfield code="a">Landsat</subfield></datafield><datafield tag="653" ind1=" " ind2="0"><subfield code="a">Analysis Ready Data</subfield></datafield><datafield tag="653" ind1=" " ind2="0"><subfield code="a">Land cover</subfield></datafield><datafield tag="653" ind1=" " ind2="0"><subfield code="a">Change detection</subfield></datafield><datafield tag="653" ind1=" " ind2="0"><subfield code="a">Monitoring</subfield></datafield><datafield tag="653" ind1=" " ind2="0"><subfield code="a">Earth observations</subfield></datafield><datafield tag="700" ind1="1" ind2=" "><subfield code="a">Tollerud, Heather J.</subfield><subfield code="e">author</subfield><subfield code="u">U.S. Geological Survey (USGS), Earth Resources Observation and Science (EROS) Center, 47914 252nd Street, Sioux Falls, SD 57198, USA</subfield></datafield><datafield tag="700" ind1="1" ind2=" "><subfield code="a">Barber, Christopher P.</subfield><subfield code="e">author</subfield><subfield code="u">U.S. Geological Survey (USGS), Earth Resources Observation and Science (EROS) Center, 47914 252nd Street, Sioux Falls, SD 57198, USA</subfield></datafield><datafield tag="700" ind1="1" ind2=" "><subfield code="a">Zhou, Qiang</subfield><subfield code="e">author</subfield><subfield code="u">ASRC Federal Data Solutions, Contractor to the U.S. Geological Survey, Earth Resources Observation and Science (EROS) Center, 47914 252nd Street, Sioux Falls, SD 57198, USA</subfield></datafield><datafield tag="700" ind1="1" ind2=" "><subfield code="a">Dwyer, John L.</subfield><subfield code="e">author</subfield><subfield code="u">U.S. Geological Survey (USGS), Earth Resources Observation and Science (EROS) Center, 47914 252nd Street, Sioux Falls, SD 57198, USA</subfield></datafield><datafield tag="700" ind1="1" ind2=" "><subfield code="a">Vogelmann, James E.</subfield><subfield code="e">author</subfield><subfield code="u">U.S. Geological Survey (USGS), Earth Resources Observation and Science (EROS) Center, 47914 252nd Street, Sioux Falls, SD 57198, USA</subfield></datafield><datafield tag="700" ind1="1" ind2=" "><subfield code="a">Loveland, Thomas R.</subfield><subfield code="e">author</subfield><subfield code="u">U.S. Geological Survey (USGS), Earth Resources Observation and Science (EROS) Center, 47914 252nd Street, Sioux Falls, SD 57198, USA</subfield></datafield><datafield tag="700" ind1="1" ind2=" "><subfield code="a">Woodcock, Curtis E.</subfield><subfield code="e">author</subfield><subfield code="u">Department of Earth and Environment, Boston University, 685 Commonwealth Avenue, Boston, MA 02215, USA</subfield></datafield><datafield tag="700" ind1="1" ind2=" "><subfield code="a">Stehman, Stephen V.</subfield><subfield code="e">author</subfield><subfield code="u">Department of Forest and Natural Resource Management, State University of New York, Syracuse, NY 13210, USA</subfield></datafield><datafield tag="700" ind1="1" ind2=" "><subfield code="a">Zhu, Zhe</subfield><subfield code="e">author</subfield><subfield code="u">Department of Natural Resources and the Environment, University of Connecticut, Storrs, CT 06269, USA</subfield><subfield code="1">https://orcid.org/0000-0001-8283-6407</subfield></datafield><datafield tag="700" ind1="1" ind2=" "><subfield code="a">Pengra, Bruce W.</subfield><subfield code="e">author</subfield><subfield code="u">KBR, Contractor to the U.S. Geological Survey, Earth Resources Observation and Science (EROS) Center, 47914 252nd Street, Sioux Falls, SD 57198, USA</subfield></datafield><datafield tag="700" ind1="1" ind2=" "><subfield code="a">Smith, Kelcy</subfield><subfield code="e">author</subfield><subfield code="u">KBR, Contractor to the U.S. Geological Survey, Earth Resources Observation and Science (EROS) Center, 47914 252nd Street, Sioux Falls, SD 57198, USA</subfield></datafield><datafield tag="700" ind1="1" ind2=" "><subfield code="a">Horton, Josephine A.</subfield><subfield code="e">author</subfield><subfield code="u">Innovate! Inc., Contractor to the U.S. Geological Survey, Earth Resources Observation and Science (EROS) Center, 47914 252nd Street, Sioux Falls, SD 57198, USA</subfield><subfield code="1">https://orcid.org/0000-0001-8436-4095</subfield></datafield><datafield tag="700" ind1="1" ind2=" "><subfield code="a">Xian, George</subfield><subfield code="e">author</subfield><subfield code="u">U.S. Geological Survey (USGS), Earth Resources Observation and Science (EROS) Center, 47914 252nd Street, Sioux Falls, SD 57198, USA</subfield><subfield code="1">https://orcid.org/0000-0001-5674-2204</subfield></datafield><datafield tag="700" ind1="1" ind2=" "><subfield code="a">Auch, Roger F.</subfield><subfield code="e">author</subfield><subfield code="u">U.S. Geological Survey (USGS), Earth Resources Observation and Science (EROS) Center, 47914 252nd Street, Sioux Falls, SD 57198, USA</subfield></datafield><datafield tag="700" ind1="1" ind2=" "><subfield code="a">Sohl, Terry L.</subfield><subfield code="e">author</subfield><subfield code="u">U.S. Geological Survey (USGS), Earth Resources Observation and Science (EROS) Center, 47914 252nd Street, Sioux Falls, SD 57198, USA</subfield><subfield code="1">https://orcid.org/0000-0002-9771-4231</subfield></datafield><datafield tag="700" ind1="1" ind2=" "><subfield code="a">Sayler, Kristi L.</subfield><subfield code="e">author</subfield><subfield code="u">U.S. Geological Survey (USGS), Earth Resources Observation and Science (EROS) Center, 47914 252nd Street, Sioux Falls, SD 57198, USA</subfield></datafield><datafield tag="700" ind1="1" ind2=" "><subfield code="a">Gallant, Alisa L.</subfield><subfield code="e">author</subfield><subfield code="u">U.S. Geological Survey (USGS), Earth Resources Observation and Science (EROS) Center, 47914 252nd Street, Sioux Falls, SD 57198, USA</subfield></datafield><datafield tag="700" ind1="1" ind2=" "><subfield code="a">Zelenak, Daniel</subfield><subfield code="e">author</subfield><subfield code="u">Innovate! Inc., Contractor to the U.S. Geological Survey, Earth Resources Observation and Science (EROS) Center, 47914 252nd Street, Sioux Falls, SD 57198, USA</subfield></datafield><datafield tag="700" ind1="1" ind2=" "><subfield code="a">Reker, Ryan R.</subfield><subfield code="e">author</subfield><subfield code="u">KBR, Contractor to the U.S. Geological Survey, Earth Resources Observation and Science (EROS) Center, 47914 252nd Street, Sioux Falls, SD 57198, USA</subfield></datafield><datafield tag="700" ind1="1" ind2=" "><subfield code="a">Rover, Jennifer</subfield><subfield code="e">author</subfield><subfield code="u">U.S. Geological Survey (USGS), Earth Resources Observation and Science (EROS) Center, 47914 252nd Street, Sioux Falls, SD 57198, USA</subfield></datafield><datafield tag="773" ind1="0" ind2=" "><subfield code="t">Remote sensing of environment.</subfield><subfield code="g">2020 Mar. 01, v. 238 p.111356-</subfield><subfield code="d">Elsevier Inc.</subfield><subfield code="w">Journal:11735</subfield><subfield code="x">0034-4257</subfield><subfield code="7">nnas</subfield></datafield><datafield tag="787" ind1="1" ind2=" "><subfield code="o">islandora_article_repository</subfield></datafield><datafield tag="787" ind1="1" ind2=" "><subfield code="o">product_pubag</subfield></datafield><datafield tag="787" ind1="1" ind2=" "><subfield code="o">(Journal)11735</subfield></datafield><datafield tag="856" ind1="4" ind2="0"><subfield code="u">https://dx.doi.org/10.1/j.rse.2019.111356</subfield><subfield code="3">Available from publisher's site</subfield></datafield><datafield tag="912" ind1=" " ind2=" "><subfield code="a">Article</subfield></datafield><datafield tag="914" ind1=" " ind2=" "><subfield code="a">Journal:11735</subfield><subfield code="b">0034-4257</subfield></datafield><datafield tag="914" ind1=" " ind2=" "><subfield code="f">Remote sensing of environment</subfield></datafield><datafield tag="916" ind1=" " ind2=" "><subfield code="a">Batch:2315</subfield></datafield><datafield tag="917" ind1=" " ind2=" "><subfield code="a">issued</subfield></datafield><datafield tag="918" ind1="2" ind2=" "><subfield code="a">Elsevier Consyn</subfield><subfield code="e">provider</subfield><subfield code="5">DNAL</subfield></datafield><datafield tag="935" ind1=" " ind2=" "><subfield code="a">IND606560410</subfield><subfield code="9">ExL</subfield></datafield><datafield tag="949" ind1=" " ind2=" "><subfield code="a">2019-10-10</subfield></datafield><datafield tag="953" ind1=" " ind2=" "><subfield code="a">/data/metadata/incoming/consyn/118171397467822819-00001-HEAD-ONLY-NEW CONSYN ISSNS.zip</subfield></datafield><datafield tag="954" ind1=" " ind2=" "><subfield code="a">file:/data/metadata/staging/consyn/S003442571930375X.xml</subfield></datafield><datafield tag="955" ind1=" " ind2=" "><subfield code="a">/data/metadata/staging/consyn/</subfield></datafield><datafield tag="974" ind1=" " ind2=" "><subfield code="a">agid:6560410</subfield></datafield><datafield tag="983" ind1=" " ind2=" "><subfield code="a">2020-01-28</subfield></datafield><datafield tag="984" ind1=" " ind2=" "><subfield code="a">2020-01-28</subfield></datafield></record>