<record><leader>03861nab a2200577 u 4500</leader><controlfield tag="001">9916108809007426</controlfield><controlfield tag="005">20221123034731.0</controlfield><controlfield tag="008">130414e200008 xx |||||o|||||||||||eng||</controlfield><datafield tag="" ind1="7" ind2=" "><subfield code="a">IND500650363</subfield><subfield code="2">DNAL</subfield></datafield><datafield tag="024" ind1="7" ind2=" "><subfield code="a">10.2307/3246577</subfield><subfield code="2">doi</subfield></datafield><datafield tag="035" ind1=" " ind2=" "><subfield code="a">agid:102120-01nal_inst</subfield></datafield><datafield tag="040" ind1=" " ind2=" "><subfield code="a">AGL</subfield><subfield code="b">eng</subfield><subfield code="c">AGL</subfield></datafield><datafield tag="100" ind1="1" ind2=" "><subfield code="a">Wiegand, Kerstin</subfield><subfield code="e">author</subfield><subfield code="u"> UFZ Centre for Environmental Research Leipzig‐Halle, Department of Ecological Modelling, Permoserstr. 15, 04318 Leipzig, Germany Present address: Plant Ecology and Nature Conservation, Institute for Biochemistry and Biology, University of Potsdam, Maulbeerallee 2, 14469 Postdam, Germany Mitrani Center for Desert Ecology and Ramon Science Center, Blaustein Institute for Desert Research, Ben Gurion University of the Negev, Sede Boqer Campus 84990, Israel; Present address Department of Nature Conservation, University of Stellenbosch, P. Bag X01, Stellenbosch 7602, South Africa</subfield></datafield><datafield tag="245" ind1="1" ind2="0"><subfield code="a">Do spatial effects play a role in the spatial distribution of desert‐dwelling Acacia raddiana?</subfield></datafield><datafield tag="300" ind1=" " ind2=" "><subfield code="a">p. 473-484.</subfield></datafield><datafield tag="520" ind1=" " ind2=" "><subfield code="a">We investigated the spatial pattern of A. raddiana in the Negev desert of Israel in order to gain insights into the factors and processes driving the dynamics of this species. Using a scale‐dependent measure, the ring statistic, we analysed both patterns observed in the field and time series of spatial tree distributions produced by a simulation model. In the field, random spacing was the predominant pattern observed. However seedlings were clumped on small scales. We ran the model under two contrasting scenarios representing hypotheses that explain the clumping of seedlings and the random distribution of trees. One hypothesis is that there is spatial heterogeneity in seed distribution, germination and seedling mortality, but that these heterogeneities are not correlated with each other in space. The second hypothesis assumes a correlation between these heterogeneities leading to areas suitable for establishment. However, the suitability of the sites is temporally variable. Furthermore, the second hypothesis assumes density‐dependent tree mortality due to competition. Both hypotheses lead to spatial distributions that are in qualitative agreement with the patterns observed in the field. Therefore, the classical view that a clumped seedling distribution and a random pattern of older trees is due to clumped regeneration and density‐dependent mortality may not hold for Acacia trees in the Negev.</subfield></datafield><datafield tag="592" ind1=" " ind2=" "><subfield code="a">Publisher supplied data</subfield></datafield><datafield tag="593" ind1=" " ind2=" "><subfield code="a">PubAg article</subfield></datafield><datafield tag="650" ind1=" " ind2="3"><subfield code="a">Acacia</subfield></datafield><datafield tag="650" ind1=" " ind2="3"><subfield code="a">germination</subfield></datafield><datafield tag="650" ind1=" " ind2="3"><subfield code="a">mortality</subfield></datafield><datafield tag="650" ind1=" " ind2="3"><subfield code="a">seedlings</subfield></datafield><datafield tag="650" ind1=" " ind2="3"><subfield code="a">simulation models</subfield></datafield><datafield tag="650" ind1=" " ind2="3"><subfield code="a">spatial distribution</subfield></datafield><datafield tag="650" ind1=" " ind2="3"><subfield code="a">time series analysis</subfield></datafield><datafield tag="650" ind1=" " ind2="3"><subfield code="a">tree mortality</subfield></datafield><datafield tag="650" ind1=" " ind2="3"><subfield code="a">trees</subfield></datafield><datafield tag="651" ind1=" " ind2="3"><subfield code="a">Israel</subfield></datafield><datafield tag="700" ind1="1" ind2=" "><subfield code="a">Jeltsch, Florian</subfield><subfield code="e">author</subfield></datafield><datafield tag="700" ind1="1" ind2=" "><subfield code="a">Ward, David</subfield><subfield code="e">author</subfield></datafield><datafield tag="773" ind1="0" ind2=" "><subfield code="t">Journal of vegetation science.</subfield><subfield code="g">2000 Aug., v. 11, no. 4 p.473-484</subfield><subfield code="d">Blackwell Publishing Ltd</subfield><subfield code="w">Journal:jnl46820</subfield><subfield code="x">1100-9233</subfield><subfield code="7">nnas</subfield></datafield><datafield tag="787" ind1="1" ind2=" "><subfield code="o">islandora_article_repository</subfield></datafield><datafield tag="787" ind1="1" ind2=" "><subfield code="o">product_pubag</subfield></datafield><datafield tag="787" ind1="1" ind2=" "><subfield code="o">(Journal)jnl46820</subfield></datafield><datafield tag="856" ind1="4" ind2="0"><subfield code="u">http://dx.doi.org/10.2307/3246577</subfield></datafield><datafield tag="912" ind1=" " ind2=" "><subfield code="a">Article</subfield></datafield><datafield tag="914" ind1=" " ind2=" "><subfield code="a">Journal:jnl46820</subfield><subfield code="b">1100-9233</subfield><subfield code="c">11</subfield><subfield code="d">4</subfield><subfield code="e">473</subfield></datafield><datafield tag="914" ind1=" " ind2=" "><subfield code="f">Journal of vegetation science</subfield></datafield><datafield tag="916" ind1=" " ind2=" "><subfield code="a">Batch:663</subfield></datafield><datafield tag="917" ind1=" " ind2=" "><subfield code="a">issued</subfield></datafield><datafield tag="918" ind1="2" ind2=" "><subfield code="a">John Wiley &amp; Sons, Inc</subfield><subfield code="e">provider</subfield><subfield code="5">DNAL</subfield></datafield><datafield tag="935" ind1=" " ind2=" "><subfield code="a">IND500650363</subfield><subfield code="9">ExL</subfield></datafield><datafield tag="949" ind1=" " ind2=" "><subfield code="a">2014-10-09</subfield></datafield><datafield tag="951" ind1=" " ind2=" "><subfield code="a">2013-04-14</subfield></datafield><datafield tag="953" ind1=" " ind2=" "><subfield code="a">11009233_2000_11_4.xml</subfield></datafield><datafield tag="962" ind1=" " ind2=" "><subfield code="a">Batch:663 annotated on 2014-09-16T12:27:54Z</subfield></datafield><datafield tag="962" ind1=" " ind2=" "><subfield code="a">Batch:663 reviewed on 2014-10-08T16:00:02Z</subfield></datafield><datafield tag="962" ind1=" " ind2=" "><subfield code="a">Batch:663 reviewed on 2014-10-09T04:00:02Z</subfield></datafield><datafield tag="974" ind1=" " ind2=" "><subfield code="a">agid:102120</subfield></datafield><datafield tag="983" ind1=" " ind2=" "><subfield code="a">2013-04-14</subfield></datafield><datafield tag="984" ind1=" " ind2=" "><subfield code="a">2018-06-25</subfield></datafield></record>