<record><leader>05500nab a2200673 u 4500</leader><controlfield tag="001">9916109059007426</controlfield><controlfield tag="005">20221120232211.0</controlfield><controlfield tag="008">190401e20181124xx |||||o|||||||||||eng||</controlfield><datafield tag="" ind1="7" ind2=" "><subfield code="a">IND606160846</subfield><subfield code="2">DNAL</subfield></datafield><datafield tag="024" ind1="7" ind2=" "><subfield code="a">10.1/j.ecolmodel.2018.09.018</subfield><subfield code="2">doi</subfield></datafield><datafield tag="035" ind1=" " ind2=" "><subfield code="a">agid:6160846-01nal_inst</subfield></datafield><datafield tag="040" ind1=" " ind2=" "><subfield code="a">AGL</subfield><subfield code="b">eng</subfield><subfield code="c">AGL</subfield></datafield><datafield tag="100" ind1="1" ind2=" "><subfield code="a">Liang, Wanwan</subfield><subfield code="e">author</subfield><subfield code="u">Department of Entomology and Plant Pathology, University of Tennessee, 2505 E. J. Chapman Drive, Knoxville, TN, 37996, United States</subfield><subfield code="1">https://orcid.org/0000-0001-9588-7182</subfield></datafield><datafield tag="245" ind1="1" ind2="4"><subfield code="a">The effect of pseudo-absence selection method on transferability of species distribution models in the context of non-adaptive niche shift</subfield></datafield><datafield tag="300" ind1=" " ind2=" "><subfield code="a">p. 1-9.</subfield></datafield><datafield tag="520" ind1=" " ind2=" "><subfield code="a">Transferability of species distribution models (SDMs) is key to predicting invasion patterns and can be challenged if niche shift occurs in the invaded range. When using native occurrences to estimate potential invasions with presence-only modeling methods, it is important to constrain the pseudo-absence (PA) sampling to the species’ native range. However, some studies including highly cited ones, do not follow this approach to selecting PA samples. In this research, we addressed two questions using an invasive species in the United States (U.S.), kudzu bug (Megacopta cribraria): 1) is model transferability challenged by a non-adaptive niche shift? and 2) is model performance affected by use of PA samples from outside the native range of the species? Kudzu bug is native to Asia, with recently observed non-adaptive niche shift in the U.S. To answer the first question, we quantified the environmental space anisotropy and non-adaptive niche change, and then evaluated the performances of seven SDMs. To answer the second question, we further compared the interpolation and transferability of seven SDMs trained with PAs from the native range and from both native and invaded ranges. We confirmed that the environmental space anisotropy (P = 0.01) and non-adaptive niche change (P = 0.01) are both statistically significant. Of the seven SDMs used, four models had transferability indices higher than 0.9. Boosted regression tree and random forests both had good interpolation and transferability (AUC&gt;0.80 and kappa&gt;0.60), whereas three other models showed good interpolation and fair transferability (AUC&gt;0.70 and kappa&gt;0.40). Inclusion of pseudo-absences from the invaded range significantly increased the interpolation (P &lt; 0.001) but decreased the transferability (P &lt; 0.01) of almost all models. Our findings suggest that SDMs can show good transferability with non-adaptive niche shift, thus native occurrence information should be used in similar situation. We confirmed that it is crucial to constrain the PAs to the same spatial range as presences to accurately model potential invasions.</subfield></datafield><datafield tag="592" ind1=" " ind2=" "><subfield code="a">Publisher supplied data</subfield></datafield><datafield tag="593" ind1=" " ind2=" "><subfield code="a">PubAg article</subfield></datafield><datafield tag="650" ind1=" " ind2="3"><subfield code="a">Megacopta cribraria</subfield></datafield><datafield tag="650" ind1=" " ind2="3"><subfield code="a">anisotropy</subfield></datafield><datafield tag="650" ind1=" " ind2="3"><subfield code="a">biogeography</subfield></datafield><datafield tag="650" ind1=" " ind2="3"><subfield code="a">invasive species</subfield></datafield><datafield tag="650" ind1=" " ind2="3"><subfield code="a">model validation</subfield></datafield><datafield tag="650" ind1=" " ind2="3"><subfield code="a">models</subfield></datafield><datafield tag="650" ind1=" " ind2="3"><subfield code="a">prediction</subfield></datafield><datafield tag="650" ind1=" " ind2="3"><subfield code="a">regression analysis</subfield></datafield><datafield tag="651" ind1=" " ind2="3"><subfield code="a">Asia</subfield></datafield><datafield tag="651" ind1=" " ind2="3"><subfield code="a">United States</subfield></datafield><datafield tag="653" ind1=" " ind2="0"><subfield code="a">Ensemble models</subfield></datafield><datafield tag="653" ind1=" " ind2="0"><subfield code="a">Ecological niche modeling</subfield></datafield><datafield tag="653" ind1=" " ind2="0"><subfield code="a">Kudzu bug</subfield></datafield><datafield tag="653" ind1=" " ind2="0"><subfield code="a">Megacopta cribraria</subfield></datafield><datafield tag="653" ind1=" " ind2="0"><subfield code="a">Invasive species</subfield></datafield><datafield tag="653" ind1=" " ind2="0"><subfield code="a">Non-adaptive niche shift</subfield></datafield><datafield tag="700" ind1="1" ind2=" "><subfield code="a">Papeş, Monica</subfield><subfield code="e">author</subfield><subfield code="u">Department of Ecology and Evolutionary Biology, University of Tennessee, 569 Dabney Hall Knoxville, TN 37996, United States</subfield></datafield><datafield tag="700" ind1="1" ind2=" "><subfield code="a">Tran, Liem</subfield><subfield code="e">author</subfield><subfield code="u">Department of Geography, University of Tennessee, Burchfiel Geography Bldg. 1000 Phillip Fulmer Way, Knoxville, TN 37996, United States</subfield><subfield code="1">https://orcid.org/0000-0002-4444-4063</subfield></datafield><datafield tag="700" ind1="1" ind2=" "><subfield code="a">Grant, Jerome</subfield><subfield code="e">author</subfield><subfield code="u">Department of Entomology and Plant Pathology, University of Tennessee, 2505 E. J. Chapman Drive, Knoxville, TN, 37996, United States</subfield></datafield><datafield tag="700" ind1="1" ind2=" "><subfield code="a">Washington-Allen, Robert</subfield><subfield code="e">author</subfield><subfield code="u">Department of Agriculture, Nutrition and Veterinary Sciences, University of Nevada, Reno, 1664 North Virginia Street, Reno, NV 89557, United States</subfield></datafield><datafield tag="700" ind1="1" ind2=" "><subfield code="a">Stewart, Scott</subfield><subfield code="e">author</subfield><subfield code="u">Department of Entomology and Plant Pathology, University of Tennessee, 2505 E. J. Chapman Drive, Knoxville, TN, 37996, United States</subfield></datafield><datafield tag="700" ind1="1" ind2=" "><subfield code="a">Wiggins, Gregory</subfield><subfield code="e">author</subfield><subfield code="u">National Institute for Mathematical and Biological Synthesis, 1122 Volunteer Boulevard, University of Tennessee, Knoxville, TN 37996, United States</subfield><subfield code="1">https://orcid.org/0000-0002-0876-3366</subfield></datafield><datafield tag="773" ind1="0" ind2=" "><subfield code="t">Ecological modelling.</subfield><subfield code="g">2018 Nov. 24, v. 388 p.1-9</subfield><subfield code="d">Elsevier B.V.</subfield><subfield code="w">Journal:jnl6191</subfield><subfield code="x">0304-3800</subfield><subfield code="7">nnas</subfield></datafield><datafield tag="787" ind1="1" ind2=" "><subfield code="o">islandora_article_repository</subfield></datafield><datafield tag="787" ind1="1" ind2=" "><subfield code="o">product_pubag</subfield></datafield><datafield tag="787" ind1="1" ind2=" "><subfield code="o">(Journal)jnl6191</subfield></datafield><datafield tag="856" ind1="4" ind2="0"><subfield code="u">https://dx.doi.org/10.1/j.ecolmodel.2018.09.018</subfield><subfield code="3">Available from publisher's site</subfield></datafield><datafield tag="912" ind1=" " ind2=" "><subfield code="a">Article</subfield></datafield><datafield tag="914" ind1=" " ind2=" "><subfield code="a">Journal:jnl6191</subfield><subfield code="b">0304-3800</subfield><subfield code="c">388</subfield><subfield code="e">1</subfield></datafield><datafield tag="914" ind1=" " ind2=" "><subfield code="f">Ecological modelling</subfield></datafield><datafield tag="916" ind1=" " ind2=" "><subfield code="a">Batch:2099</subfield></datafield><datafield tag="917" ind1=" " ind2=" "><subfield code="a">issued</subfield></datafield><datafield tag="918" ind1="2" ind2=" "><subfield code="a">Elsevier Consyn</subfield><subfield code="e">provider</subfield><subfield code="5">DNAL</subfield></datafield><datafield tag="935" ind1=" " ind2=" "><subfield code="a">IND606160846</subfield><subfield code="9">ExL</subfield></datafield><datafield tag="949" ind1=" " ind2=" "><subfield code="a">2019-04-01</subfield></datafield><datafield tag="953" ind1=" " ind2=" "><subfield code="a" >/data/metadata/incoming/consyn-backfiles/46-2-00053-HEAD-ONLY.zip</subfield></datafield><datafield tag="954" ind1=" " ind2=" "><subfield code="a" >file:/data/metadata/staging/consyn-backfiles/S0304380018303156.xml</subfield></datafield><datafield tag="955" ind1=" " ind2=" "><subfield code="a">/data/metadata/staging/consyn-backfiles/</subfield></datafield><datafield tag="974" ind1=" " ind2=" "><subfield code="a">agid:6160846</subfield></datafield><datafield tag="983" ind1=" " ind2=" "><subfield code="a">2019-04-01</subfield></datafield><datafield tag="984" ind1=" " ind2=" "><subfield code="a">2019-04-01</subfield></datafield></record>