<record><leader>06020nab a2200685 u 4500</leader><controlfield tag="001">9916109120707426</controlfield><controlfield tag="005">20221121071511.0</controlfield><controlfield tag="008">200118e202001 xx |||||o|||||||||||eng||</controlfield><datafield tag="" ind1="7" ind2=" "><subfield code="a">IND606818195</subfield><subfield code="2">DNAL</subfield></datafield><datafield tag="024" ind1="7" ind2=" "><subfield code="a">10.1111/jvs.12819</subfield><subfield code="2">doi</subfield></datafield><datafield tag="035" ind1=" " ind2=" "><subfield code="a">agid:6818195-01nal_inst</subfield></datafield><datafield tag="040" ind1=" " ind2=" "><subfield code="a">AGL</subfield><subfield code="b">eng</subfield><subfield code="c">AGL</subfield></datafield><datafield tag="100" ind1="1" ind2=" "><subfield code="a">Asefa, Mengesha</subfield><subfield code="e">author</subfield><subfield code="u">CAS Key Laboratory of Tropical Forest Ecology, Xishuangbanna Tropical Botanical Garden, Chinese Academy of Sciences, Menglun, Mengla, Yunnan, 666303, China</subfield></datafield><datafield tag="245" ind1="1" ind2="0"><subfield code="a">Ecological drivers of tree assemblage in tropical, subtropical and subalpine forests</subfield></datafield><datafield tag="300" ind1=" " ind2=" "><subfield code="a">p. 107-117.</subfield></datafield><datafield tag="500" ind1=" " ind2=" "><subfield code="a">NAL-AP-2-clean</subfield></datafield><datafield tag="500" ind1=" " ind2=" "><subfield code="a">JOURNAL ARTICLE</subfield></datafield><datafield tag="520" ind1=" " ind2=" "><subfield code="a">AIMS: It is widely accepted that deterministic and neutral dispersal processes are two of the principal mechanisms driving community assembly. However, the relative importance of these ecological drivers between distinct life stages both at community and individual species levels remains poorly understood in different vegetation types. Here, we address the following questions: (a) is there a ubiquitous process shaping tree assemblage; (b) how does the relative importance of environmental and dispersal processes vary through ontogeny in different vegetation types; and (c) will the spatial patterns of trees at community and individual species levels reflect similar contribution between ecological processes? LOCATION: Yunnan province, southwest China. METHODS: We used the Homogeneous Poisson, Homogeneous Thomas, Inhomogeneous Poisson, and Inhomogeneous Thomas point process models to predict the effect of stochastic, dispersal and/or environmental processes, respectively, on the distribution of trees across ontogeny in tropical, subtropical and subalpine forests. To evaluate the relative importance of models, we compared the observed and simulated patterns of the species–area relationship and the pair correlation function g(r) at community and species level, respectively. RESULTS: The Homogeneous Thomas model was the model with the lowest Akaike information criterion (AIC) scores across ontogeny and forest types at community level. At the species level, however, Homogeneous Thomas, and Inhomogeneous Thomas predicted the distribution of large and small trees, respectively, with lower AIC values in two of our three plots. In the third plot, the Homogeneous Thomas model is dominant across ontogeny at the species level. CONCLUSIONS: Tree communities are assembled mainly by the dispersal process at community level. The relative importance of ecological processes for species distribution varies across life stages at the species level, suggesting that there is an ontogenetic shift of ecological processes in shaping tree distribution. Using different summary statistics at both community and species levels helps to discern the different spatial structures of species and increases our appreciation of the processes underpinning community assembly.</subfield></datafield><datafield tag="592" ind1=" " ind2=" "><subfield code="a">Publisher supplied data</subfield></datafield><datafield tag="593" ind1=" " ind2=" "><subfield code="a">PubAg article</subfield></datafield><datafield tag="596" ind1=" " ind2=" "><subfield code="a">2CASSEABRIQG002</subfield><subfield code="c">Southeast Asia Biodiversity Research Institute, Chinese Academy of Sciences</subfield></datafield><datafield tag="596" ind1=" " ind2=" "><subfield code="a">2014CB954100</subfield><subfield code="c">West Light Foundation of the Chinese Academy of Sciences to Yue‐Hua Hu, the National Key Basic Research Program of China</subfield></datafield><datafield tag="596" ind1=" " ind2=" "><subfield code="a">2017XTBG‐T01</subfield><subfield code="c">the CAS 135 program</subfield></datafield><datafield tag="596" ind1=" " ind2=" "><subfield code="a">2352</subfield><subfield code="c">West Light Foundation of the Chinese Academy of Sciences and the Chinese Academy of Sciences Youth Innovation Promotion Association</subfield></datafield><datafield tag="596" ind1=" " ind2=" "><subfield code="a">2014GA003</subfield><subfield code="c">The Applied Fundamental Research Foundation of Yunnan Province</subfield></datafield><datafield tag="596" ind1=" " ind2=" "><subfield code="a">31570380</subfield><subfield code="c">National Natural Science Foundation of China</subfield></datafield><datafield tag="596" ind1=" " ind2=" "><subfield code="a">31300358</subfield><subfield code="c">National Natural Science Foundation of China</subfield></datafield><datafield tag="596" ind1=" " ind2=" "><subfield code="a">31400362</subfield><subfield code="c">National Natural Science Foundation of China</subfield></datafield><datafield tag="596" ind1=" " ind2=" "><subfield code="a">31670442</subfield><subfield code="c">National Natural Science Foundation of China</subfield></datafield><datafield tag="596" ind1=" " ind2=" "><subfield code="a">2015FB185</subfield><subfield code="c">Natural Science Foundation of Yunnan Province</subfield></datafield><datafield tag="650" ind1=" " ind2="3"><subfield code="a">geographical distribution</subfield></datafield><datafield tag="650" ind1=" " ind2="3"><subfield code="a">models</subfield></datafield><datafield tag="650" ind1=" " ind2="3"><subfield code="a">ontogeny</subfield></datafield><datafield tag="650" ind1=" " ind2="3"><subfield code="a">statistics</subfield></datafield><datafield tag="650" ind1=" " ind2="3"><subfield code="a">trees</subfield></datafield><datafield tag="651" ind1=" " ind2="3"><subfield code="a">China</subfield></datafield><datafield tag="700" ind1="1" ind2=" "><subfield code="a">Wen, Han‐Dong</subfield><subfield code="e">author</subfield><subfield code="u">CAS Key Laboratory of Tropical Forest Ecology, Xishuangbanna Tropical Botanical Garden, Chinese Academy of Sciences, Menglun, Mengla, Yunnan, 666303, China</subfield></datafield><datafield tag="700" ind1="1" ind2=" "><subfield code="a">Brown, Calum</subfield><subfield code="e">author</subfield><subfield code="u">Karlsruhe Institute of Technology, Institute of Meteorology and Climate Research, Atmospheric Environmental Research (IMK‐IFU), Garmisch‐Partenkirchen, Germany</subfield></datafield><datafield tag="700" ind1="1" ind2=" "><subfield code="a">Cao, Min</subfield><subfield code="e">author</subfield><subfield code="u">CAS Key Laboratory of Tropical Forest Ecology, Xishuangbanna Tropical Botanical Garden, Chinese Academy of Sciences, Menglun, Mengla, Yunnan, 666303, China</subfield></datafield><datafield tag="700" ind1="1" ind2=" "><subfield code="a">Xu, Kun</subfield><subfield code="e">author</subfield><subfield code="u">Lijiang Forest Ecosystem Research Station, Kunming Instituted of Botany, Chinese Academy of Sciences, Lijiang, China</subfield></datafield><datafield tag="700" ind1="1" ind2=" "><subfield code="a">Hu, Yue‐Hua</subfield><subfield code="e">author</subfield><subfield code="u">CAS Key Laboratory of Tropical Forest Ecology, Xishuangbanna Tropical Botanical Garden, Chinese Academy of Sciences, Menglun, Mengla, Yunnan, 666303, China</subfield><subfield code="1">https://orcid.org/0000-0003-3027-1410</subfield></datafield><datafield tag="773" ind1="0" ind2=" "><subfield code="t">Journal of vegetation science.</subfield><subfield code="g">2020 Jan., v. 31, no. 1 p.107-117</subfield><subfield code="d">John Wiley &amp; Sons, Ltd</subfield><subfield code="w">Journal:jnl46820</subfield><subfield code="x">1100-9233</subfield><subfield code="7">nnas</subfield></datafield><datafield tag="787" ind1="1" ind2=" "><subfield code="o">islandora_article_repository</subfield></datafield><datafield tag="787" ind1="1" ind2=" "><subfield code="o">product_pubag</subfield></datafield><datafield tag="787" ind1="1" ind2=" "><subfield code="o">(Journal)jnl46820</subfield></datafield><datafield tag="856" ind1="4" ind2="0"><subfield code="u">http://dx.doi.org/10.1111/jvs.12819</subfield><subfield code="3">Available from publisher's site</subfield></datafield><datafield tag="912" ind1=" " ind2=" "><subfield code="a">Article</subfield></datafield><datafield tag="914" ind1=" " ind2=" "><subfield code="a">Journal:jnl46820</subfield><subfield code="b">1100-9233</subfield><subfield code="c">31</subfield><subfield code="d">1</subfield><subfield code="e">107</subfield></datafield><datafield tag="914" ind1=" " ind2=" "><subfield code="f">Journal of vegetation science</subfield></datafield><datafield tag="916" ind1=" " ind2=" "><subfield code="a">Batch:10148</subfield></datafield><datafield tag="917" ind1=" " ind2=" "><subfield code="a">issued</subfield></datafield><datafield tag="918" ind1="2" ind2=" "><subfield code="a">John Wiley &amp; Sons, Inc</subfield><subfield code="e">provider</subfield><subfield code="5">DNAL</subfield></datafield><datafield tag="935" ind1=" " ind2=" "><subfield code="a">IND606818195</subfield><subfield code="9">ExL</subfield></datafield><datafield tag="949" ind1=" " ind2=" "><subfield code="a">2021-06-18</subfield></datafield><datafield tag="953" ind1=" " ind2=" "><subfield code="a">/data/metadata/incoming/wiley/11009233_2020_31_1.xml</subfield></datafield><datafield tag="954" ind1=" " ind2=" "><subfield code="a">file:/data/metadata/staging/wiley/11009233_2020_31_1.xml</subfield></datafield><datafield tag="955" ind1=" " ind2=" "><subfield code="a">/data/metadata/staging/wiley/</subfield></datafield><datafield tag="974" ind1=" " ind2=" "><subfield code="a">agid:6818195</subfield></datafield><datafield tag="983" ind1=" " ind2=" "><subfield code="a">2020-01-18</subfield></datafield><datafield tag="984" ind1=" " ind2=" "><subfield code="a">2021-06-18</subfield></datafield></record>