<record><leader>04950nab a2200613 u 4500</leader><controlfield tag="001">9916111037907426</controlfield><controlfield tag="005">20221123034450.0</controlfield><controlfield tag="008">060918e200610 xx |||||o|||||||||||eng||</controlfield><datafield tag="" ind1="7" ind2=" "><subfield code="a">IND43837370</subfield><subfield code="2">DNAL</subfield></datafield><datafield tag="024" ind1="7" ind2=" "><subfield code="a">10.1093/forestry/cpl024</subfield><subfield code="2">doi</subfield></datafield><datafield tag="035" ind1=" " ind2=" "><subfield code="a">agid:690264-01nal_inst</subfield></datafield><datafield tag="040" ind1=" " ind2=" "><subfield code="a">AGL</subfield><subfield code="b">eng</subfield><subfield code="c">AGL</subfield></datafield><datafield tag="072" ind1=" " ind2="0"><subfield code="a">K110</subfield></datafield><datafield tag="072" ind1=" " ind2="0"><subfield code="a">F300</subfield></datafield><datafield tag="072" ind1=" " ind2="0"><subfield code="a">K250</subfield></datafield><datafield tag="100" ind1="1" ind2=" "><subfield code="a">Mountford, E.P.</subfield></datafield><datafield tag="245" ind1="1" ind2="0"><subfield code="a">Patterns of regeneration and ground vegetation associated with canopy gaps in a managed beechwood in southern England</subfield></datafield><datafield tag="300" ind1=" " ind2=" "><subfield code="a">p. 389-408.</subfield></datafield><datafield tag="500" ind1=" " ind2=" "><subfield code="a">Includes references</subfield></datafield><datafield tag="520" ind1=" " ind2=" "><subfield code="a">In autumn 2001, 15 canopy gaps were selected for study in Rumerhedge Wood, a semi-natural, mesotrophic beechwood in southern England. The gaps were located in mature, beech-dominated stands, and had originated from openings created during a thinning in the early 1980s and wind damage in 1987/1990 and/or the consequent salvage operations. The extent of each gap and surrounding trees were mapped. Tree/shrub regeneration, ground vegetation, bare earth, leaf litter and canopy openness (using a canopy-scope) were measured within and around the gaps using a 5 x 5-m grid and placing a 1 x 1-m quadrat at each grid intersection (total number of quadrats = 400). Most of the gaps were &lt;75 m2 in area. The largest was 241 m2. They were generally irregular in shape and there was little or no understorey present. Most surrounding trees were beech Fagus sylvatica L. Bramble Rubus fruticosus L. formed a moderate to dense ground vegetation below most gaps and declined around the edges only once the gap opening was substantially obscured. Apart from a few larger saplings, most regeneration was small and of beech. Most of the latter appeared to be in their fifth or sixth growing season, were 10-35 cm tall, had an erect base and flat top, had increased by &lt;5 cm in height during 2001 and were not browsed by deer. Their height and growth form was related to (1) their position within gaps, (2) the degree of canopy openness and (3) the cover of ground vegetation. This was translated into the following zonation-(1) around the centre of larger gaps: canopy openness increased to &gt;15 per cent; bramble cover was near complete; litter depth was low; many places had no beech seedlings, but some of the few present were among the tallest, most upright and fastest growing; (2) towards the edges of the large gaps or directly below smaller gaps: canopy openness was about 4-10 per cent; bramble cover was slightly less; beech seedlings were moderately abundant but patchy, generally shorter, more flat topped and slow growing than in the gap centre, albeit some were still among the tallest, most upright and fastest growing; (3) beyond the edge of the large/medium gaps (with the gap only partially visible) or directly below very small gaps: canopy openness was only about 2-3 per cent; bramble was much reduced; beech seedlings were at their most abundant but still patchy in distribution and even shorter, more flat topped and slower growing than in the above zone; (4) in an outer zone beyond or almost beyond the sight of the gaps: canopy openness was &lt;2 per cent; bramble was weak and sparse; beech seedlings were mostly at low densities and predominately short, slow growing and flat topped. This ring pattern of beech regeneration appeared to relate mainly to (1) differences in light availability affecting the survival, growth rate and form of seedlings; (2) competition from bramble and possibly (3) limited dispersal of beech seed into gaps. Recommendations are given for managers who wish to use natural regeneration to restock beech woodland.</subfield></datafield><datafield tag="593" ind1=" " ind2=" "><subfield code="a">PubAg article</subfield></datafield><datafield tag="650" ind1=" " ind2="3"><subfield code="a">canopy gaps</subfield></datafield><datafield tag="650" ind1=" " ind2="3"><subfield code="a">forest trees</subfield></datafield><datafield tag="650" ind1=" " ind2="3"><subfield code="a">forest stands</subfield></datafield><datafield tag="650" ind1=" " ind2="3"><subfield code="a">natural regeneration</subfield></datafield><datafield tag="650" ind1=" " ind2="3"><subfield code="a">Fagus sylvatica</subfield></datafield><datafield tag="650" ind1=" " ind2="3"><subfield code="a">Rubus plicatus</subfield></datafield><datafield tag="650" ind1=" " ind2="3"><subfield code="a">ground vegetation</subfield></datafield><datafield tag="650" ind1=" " ind2="3"><subfield code="a">understory</subfield></datafield><datafield tag="650" ind1=" " ind2="3"><subfield code="a">tree and stand measurements</subfield></datafield><datafield tag="650" ind1=" " ind2="3"><subfield code="a">spatial distribution</subfield></datafield><datafield tag="651" ind1=" " ind2="3"><subfield code="a">England</subfield></datafield><datafield tag="700" ind1="1" ind2=" "><subfield code="a">Savill, P.S.</subfield></datafield><datafield tag="700" ind1="1" ind2=" "><subfield code="a">Bebber, D.P.</subfield></datafield><datafield tag="773" ind1="0" ind2=" "><subfield code="t">Forestry.</subfield><subfield code="g">2006 Oct., v. 79, no. 4 p.389-408</subfield><subfield code="d">Oxford University Press</subfield><subfield code="x">0015-752X</subfield><subfield code="7">nnas</subfield></datafield><datafield tag="787" ind1="1" ind2=" "><subfield code="o">islandora_article_repository</subfield></datafield><datafield tag="787" ind1="1" ind2=" "><subfield code="o">product_pubag</subfield></datafield><datafield tag="787" ind1="1" ind2=" "><subfield code="o">(Journal)jnl45842</subfield></datafield><datafield tag="852" ind1=" " ind2=" "><subfield code="a">DNAL</subfield></datafield><datafield tag="856" ind1="4" ind2="0"><subfield code="u">http://dx.doi.org/10.1093/forestry/cpl024</subfield><subfield code="3">electronic resource</subfield></datafield><datafield tag="912" ind1=" " ind2=" "><subfield code="a">Article</subfield></datafield><datafield tag="914" ind1=" " ind2=" "><subfield code="a">Journal:jnl45842</subfield><subfield code="b">0015-752X</subfield><subfield code="c">79</subfield><subfield code="d">4</subfield><subfield code="e">389</subfield></datafield><datafield tag="914" ind1=" " ind2=" "><subfield code="f">Forestry</subfield></datafield><datafield tag="917" ind1=" " ind2=" "><subfield code="a">issued</subfield></datafield><datafield tag="930" ind1=" " ind2=" "><subfield code="a">20061124</subfield><subfield code="b">20061202</subfield><subfield code="c">00000000</subfield></datafield><datafield tag="935" ind1=" " ind2=" "><subfield code="a">IND43837370</subfield><subfield code="9">ExL</subfield></datafield><datafield tag="945" ind1=" " ind2=" "><subfield code="a">IND</subfield><subfield code="d">LYN</subfield><subfield code="e">2006/11/24</subfield></datafield><datafield tag="946" ind1=" " ind2=" "><subfield code="a">Non-US</subfield></datafield><datafield tag="949" ind1=" " ind2=" "><subfield code="a">2014-07-17</subfield></datafield><datafield tag="952" ind1=" " ind2=" "><subfield code="a">20061124 20061202 00000000</subfield><subfield code="b">IND LYN 2006/11/24</subfield></datafield><datafield tag="974" ind1=" " ind2=" "><subfield code="a">agid:690264</subfield></datafield><datafield tag="984" ind1=" " ind2=" "><subfield code="a">2014-07-23</subfield></datafield><datafield tag="985" ind1=" " ind2=" "><subfield code="a">Converted from MARCXML to MODS version 3.4 using MARC21slim2MODS3-4.xsl (Revision 1.95 2014/04/23)</subfield></datafield><datafield tag="986" ind1=" " ind2=" "><subfield code="a">3837370</subfield></datafield></record>