<record><leader>03259nab a2200613 u 4500</leader><controlfield tag="001">9916111123407426</controlfield><controlfield tag="005">20221120145814.0</controlfield><controlfield tag="008">991220e19990322ne |||||o|||||||||||eng||</controlfield><datafield tag="" ind1="7" ind2=" "><subfield code="a">IND22020259</subfield><subfield code="2">DNAL</subfield></datafield><datafield tag="035" ind1=" " ind2=" "><subfield code="a">agid:2773239-01nal_inst</subfield></datafield><datafield tag="040" ind1=" " ind2=" "><subfield code="a">AGL</subfield><subfield code="b">eng</subfield><subfield code="c">AGL</subfield></datafield><datafield tag="100" ind1="1" ind2=" "><subfield code="a">Bogya, S.</subfield></datafield><datafield tag="245" ind1="1" ind2="0"><subfield code="a">Effect of pest management systems on ground-dwelling spider assemblages in an apple orchard in Hungary</subfield></datafield><datafield tag="300" ind1=" " ind2=" "><subfield code="a">p. 7-18.</subfield></datafield><datafield tag="500" ind1=" " ind2=" "><subfield code="a">2019-12-05</subfield></datafield><datafield tag="520" ind1=" " ind2=" "><subfield code="a">Ground-dwelling spider assemblages in differently treated plots of a Hungarian apple orchard were investigated by pitfall trapping. The samples were taken weekly from April to November over three years as part of a study to compare the effects of integrated pest management based on selective insecticides, with conventional control utilising broad-spectrum compounds. Attention was also paid to the effects of boundaries and of different weed patterns on the spider assemblages. No significant differences were found between the conventional and IPM plots in species richness and composition, density and diversity of epigeic spider communities. The density in the IPM plots was moderately higher in only one year. Greater spider densities were observed in the tree rows where the weed coverage was higher than in the alleys where mechanical weed control was applied. However, community structures did not differ significantly. Near the edge of the orchard, the density and species richness of epigeic spiders were higher and the community structure differed slightly from that of the orchard habitats. The spiders showed one population peak in springtime in all habitats, but this was more extended in the edge. The collections included 1147 individuals representing 37 species, with Xysticus kochi, Pardosa agrestis and Titanoeca schineri being the most dominant species. Their population dynamics, sex ratio and habitat preferences are also discussed.</subfield></datafield><datafield tag="650" ind1=" " ind2="3"><subfield code="a">orchards</subfield></datafield><datafield tag="650" ind1=" " ind2="3"><subfield code="a">population</subfield></datafield><datafield tag="650" ind1=" " ind2="3"><subfield code="a">arthropod communities</subfield></datafield><datafield tag="650" ind1=" " ind2="3"><subfield code="a">spatial distribution</subfield></datafield><datafield tag="650" ind1=" " ind2="3"><subfield code="a">pesticides</subfield></datafield><datafield tag="650" ind1=" " ind2="3"><subfield code="a">pest control</subfield></datafield><datafield tag="650" ind1=" " ind2="3"><subfield code="a">seasonal variation</subfield></datafield><datafield tag="650" ind1=" " ind2="3"><subfield code="a">species diversity</subfield></datafield><datafield tag="650" ind1=" " ind2="3"><subfield code="a">Araneae</subfield></datafield><datafield tag="650" ind1=" " ind2="3"><subfield code="a">integrated pest management</subfield></datafield><datafield tag="650" ind1=" " ind2="3"><subfield code="a">Malus domestica</subfield></datafield><datafield tag="650" ind1=" " ind2="3"><subfield code="a">weeds</subfield></datafield><datafield tag="650" ind1=" " ind2="3"><subfield code="a">traps</subfield></datafield><datafield tag="650" ind1=" " ind2="3"><subfield code="a">population density</subfield></datafield><datafield tag="650" ind1=" " ind2="3"><subfield code="a">population structure</subfield></datafield><datafield tag="650" ind1=" " ind2="3"><subfield code="a">population dynamics</subfield></datafield><datafield tag="651" ind1=" " ind2="3"><subfield code="a">Hungary</subfield></datafield><datafield tag="653" ind1=" " ind2="0"><subfield code="a">boundaries</subfield></datafield><datafield tag="653" ind1=" " ind2="0"><subfield code="a">habitat selection</subfield></datafield><datafield tag="653" ind1=" " ind2="0"><subfield code="a">community ecology</subfield></datafield><datafield tag="700" ind1="1" ind2=" "><subfield code="a">Marko, V.</subfield></datafield><datafield tag="773" ind1="0" ind2=" "><subfield code="t">Agriculture, ecosystems &amp; environment.</subfield><subfield code="g">1999 Mar. 22, v. 73, no. 1 p.7-18</subfield><subfield code="x">7-8809</subfield><subfield code="7">nnas</subfield></datafield><datafield tag="787" ind1="1" ind2=" "><subfield code="o">islandora_article_repository</subfield></datafield><datafield tag="787" ind1="1" ind2=" "><subfield code="o">(Journal)jnl34709</subfield></datafield><datafield tag="852" ind1=" " ind2=" "><subfield code="a">DNAL</subfield></datafield><datafield tag="912" ind1=" " ind2=" "><subfield code="a">Article</subfield></datafield><datafield tag="914" ind1=" " ind2=" "><subfield code="a">Journal:jnl34709</subfield></datafield><datafield tag="914" ind1=" " ind2=" "><subfield code="f">Agric. ecosyst. environ</subfield></datafield><datafield tag="917" ind1=" " ind2=" "><subfield code="a">issued</subfield></datafield><datafield tag="930" ind1=" " ind2=" "><subfield code="a">20000302</subfield><subfield code="b">20000309</subfield><subfield code="c">00000000</subfield></datafield><datafield tag="935" ind1=" " ind2=" "><subfield code="a">IND22020259</subfield><subfield code="9">ExL</subfield></datafield><datafield tag="945" ind1=" " ind2=" "><subfield code="a">IND</subfield><subfield code="d">CTR</subfield></datafield><datafield tag="946" ind1=" " ind2=" "><subfield code="a">Non-US</subfield></datafield><datafield tag="952" ind1=" " ind2=" "><subfield code="a">20000302 20000309 00000000</subfield><subfield code="b">IND CTR </subfield></datafield><datafield tag="974" ind1=" " ind2=" "><subfield code="a">agid:2773239</subfield></datafield><datafield tag="984" ind1=" " ind2=" "><subfield code="a">2014-12-25</subfield></datafield><datafield tag="985" ind1=" " ind2=" "><subfield code="a">Converted from MARCXML to MODS version 3.4 using MARC21slim2MODS3-4.xsl (Revision 1.95 2014/04/23)</subfield></datafield><datafield tag="986" ind1=" " ind2=" "><subfield code="a">3376768</subfield></datafield></record>