<record><leader>04198nab a2200553 u 4500</leader><controlfield tag="001">9916111365007426</controlfield><controlfield tag="005">20221122050214.0</controlfield><controlfield tag="008">220303e202203 xx |||||o|||||||||||eng||</controlfield><datafield tag="" ind1="7" ind2=" "><subfield code="a">IND607691578</subfield><subfield code="2">DNAL</subfield></datafield><datafield tag="024" ind1="7" ind2=" "><subfield code="a">10.1111/1365-2435.13977</subfield><subfield code="2">doi</subfield></datafield><datafield tag="035" ind1=" " ind2=" "><subfield code="a">agid:7691578-01nal_inst</subfield></datafield><datafield tag="040" ind1=" " ind2=" "><subfield code="a">AGL</subfield><subfield code="b">eng</subfield><subfield code="c">AGL</subfield></datafield><datafield tag="100" ind1="1" ind2=" "><subfield code="a">O'Brien, Michael J.</subfield><subfield code="e">author</subfield><subfield code="u">Área de Biodiversidad y Conservación, Universidad Rey Juan Carlos, Móstoles, Spain</subfield><subfield code="1">https://orcid.org/0000-0003-0943-8423</subfield></datafield><datafield tag="245" ind1="1" ind2="0"><subfield code="a">Topography in tropical forests enhances growth and survival differences within and among species via water availability and biotic interactions</subfield></datafield><datafield tag="300" ind1=" " ind2=" "><subfield code="a">p. 686-698.</subfield></datafield><datafield tag="500" ind1=" " ind2=" "><subfield code="a">JOURNAL ARTICLE</subfield></datafield><datafield tag="520" ind1=" " ind2=" "><subfield code="a">Topography is associated with variation in soil water, biogeochemical properties and climate, which drive diversity by filtering species and promoting niche differences. However, the potential for topography to promote fitness differences and diversity among tree species and populations remains poorly tested in tropical rainforests, especially at small spatial scales in everwet climates. We reciprocally transplanted tree seedlings between ridge and riparian sites and manipulated neighbour abundance and water availability to assess growth and survival differences both among species and between populations within species in response to changes in biotic interactions and soil water gradients associated with topographic heterogeneity. Seedling growth rates were higher on the ridge, but probability of survival was lower on the ridge than the riparian site. Topography also altered growth and survival responses to water availability such that seedlings in the inundated soils in the riparian site had the lowest growth and survival but increased rapidly with moderate soil drying. By contrast, growth and survival on the ridge were generally unresponsive to drying, although severe drought on the ridge reinforced differences among species in growth rates and probability of survival. The patterns of growth and survival within species did not provide evidence of local adaptation between seedlings from lowland and upslope origins. However, within species, topographic seed‐origin determined the response of seedling growth and survival to increasing neighbour abundance, indicative of divergent selective pressures between individuals growing in different topographic environments. Combined, these results suggest that topographic heterogeneity promotes tropical forest diversity both at the species level via environmental filtering due to water availability and at the population level via functional responses to the density of neighbouring vegetation. A free Plain Language Summary can be found within the Supporting Information of this article.</subfield></datafield><datafield tag="592" ind1=" " ind2=" "><subfield code="a">Publisher supplied data</subfield></datafield><datafield tag="593" ind1=" " ind2=" "><subfield code="a">PubAg article</subfield></datafield><datafield tag="596" ind1=" " ind2=" "><subfield code="a">2018‐T1/AMB‐11095</subfield><subfield code="c">Comunidad de Madrid</subfield></datafield><datafield tag="650" ind1=" " ind2="3"><subfield code="a">climate</subfield></datafield><datafield tag="650" ind1=" " ind2="3"><subfield code="a">drought</subfield></datafield><datafield tag="650" ind1=" " ind2="3"><subfield code="a">probability</subfield></datafield><datafield tag="650" ind1=" " ind2="3"><subfield code="a">riparian areas</subfield></datafield><datafield tag="650" ind1=" " ind2="3"><subfield code="a">seedling growth</subfield></datafield><datafield tag="650" ind1=" " ind2="3"><subfield code="a">soil water</subfield></datafield><datafield tag="650" ind1=" " ind2="3"><subfield code="a">topography</subfield></datafield><datafield tag="650" ind1=" " ind2="3"><subfield code="a">trees</subfield></datafield><datafield tag="700" ind1="1" ind2=" "><subfield code="a">Escudero, Adrián</subfield><subfield code="e">author</subfield><subfield code="u">Área de Biodiversidad y Conservación, Universidad Rey Juan Carlos, Móstoles, Spain</subfield><subfield code="1">https://orcid.org/0000-0002-1427-5465</subfield></datafield><datafield tag="773" ind1="0" ind2=" "><subfield code="t">Functional ecology.</subfield><subfield code="g">2022 Mar., v. 36, no. 3 p.686-698</subfield><subfield code="d">John Wiley &amp; Sons, Ltd</subfield><subfield code="w">Journal:jnl44821</subfield><subfield code="x">0269-8463</subfield><subfield code="7">nnas</subfield></datafield><datafield tag="787" ind1="1" ind2=" "><subfield code="o">islandora_article_repository</subfield></datafield><datafield tag="787" ind1="1" ind2=" "><subfield code="o">product_pubag</subfield></datafield><datafield tag="787" ind1="1" ind2=" "><subfield code="o">(Journal)jnl44821</subfield></datafield><datafield tag="856" ind1="4" ind2="0"><subfield code="u">https://dx.doi.org/10.1111/1365-2435.13977</subfield><subfield code="3">Available from publisher's site</subfield></datafield><datafield tag="912" ind1=" " ind2=" "><subfield code="a">Article</subfield></datafield><datafield tag="914" ind1=" " ind2=" "><subfield code="a">Journal:jnl44821</subfield><subfield code="b">0269-8463</subfield><subfield code="c">36</subfield><subfield code="d">3</subfield><subfield code="e">686</subfield></datafield><datafield tag="914" ind1=" " ind2=" "><subfield code="f">Functional ecology</subfield></datafield><datafield tag="916" ind1=" " ind2=" "><subfield code="a">Batch:10238</subfield></datafield><datafield tag="917" ind1=" " ind2=" "><subfield code="a">issued</subfield></datafield><datafield tag="918" ind1="2" ind2=" "><subfield code="a">John Wiley &amp; Sons, Inc</subfield><subfield code="e">provider</subfield><subfield code="5">DNAL</subfield></datafield><datafield tag="935" ind1=" " ind2=" "><subfield code="a">IND607691578</subfield><subfield code="9">ExL</subfield></datafield><datafield tag="949" ind1=" " ind2=" "><subfield code="a">2022-05-17</subfield></datafield><datafield tag="952" ind1=" " ind2=" "><subfield code="d">NAL-AP-2-clean</subfield></datafield><datafield tag="953" ind1=" " ind2=" "><subfield code="a">/data/metadata/incoming/wiley/02698463_2022_36_3.xml</subfield></datafield><datafield tag="954" ind1=" " ind2=" "><subfield code="a">file:/data/metadata/staging/wiley/02698463_2022_36_3.xml</subfield></datafield><datafield tag="955" ind1=" " ind2=" "><subfield code="a">/data/metadata/staging/wiley/</subfield></datafield><datafield tag="974" ind1=" " ind2=" "><subfield code="a">agid:7691578</subfield></datafield><datafield tag="983" ind1=" " ind2=" "><subfield code="a">2022-03-03</subfield></datafield><datafield tag="984" ind1=" " ind2=" "><subfield code="a">2022-05-17</subfield></datafield></record>