<record><leader>04240nab a2200625 u 4500</leader><controlfield tag="001">9916111376107426</controlfield><controlfield tag="005">20221122060646.0</controlfield><controlfield tag="008">210202e202102 xx |||||o|||||||||||eng||</controlfield><datafield tag="" ind1="7" ind2=" "><subfield code="a">IND607262353</subfield><subfield code="2">DNAL</subfield></datafield><datafield tag="024" ind1="7" ind2=" "><subfield code="a">10.1002/fee.2298</subfield><subfield code="2">doi</subfield></datafield><datafield tag="035" ind1=" " ind2=" "><subfield code="a">agid:7262353-01nal_inst</subfield></datafield><datafield tag="040" ind1=" " ind2=" "><subfield code="a">AGL</subfield><subfield code="b">eng</subfield><subfield code="c">AGL</subfield></datafield><datafield tag="100" ind1="1" ind2=" "><subfield code="a">Rollinson, Christine R</subfield><subfield code="e">author</subfield><subfield code="u">Center for Tree Science, The Morton Arboretum, Lisle, IL</subfield></datafield><datafield tag="245" ind1="1" ind2="0"><subfield code="a">Working across space and time: nonstationarity in ecological research and application</subfield></datafield><datafield tag="300" ind1=" " ind2=" "><subfield code="a">p. 66-72.</subfield></datafield><datafield tag="500" ind1=" " ind2=" "><subfield code="a">NAL-AP-2-clean</subfield></datafield><datafield tag="500" ind1=" " ind2=" "><subfield code="a">JOURNAL ARTICLE</subfield></datafield><datafield tag="520" ind1=" " ind2=" "><subfield code="a">Ecological research increasingly considers integrative relationships among phenomena at broad spatial and temporal domains. However, such large‐scale inferences are commonly confounded by changing properties in the processes that govern phenomena (termed nonstationarity), which can violate assumptions underlying standard analytical methods. Changing conditions are fundamental and pervasive features in ecology, but their influence on ecological inference and prediction increases with larger spatial and temporal domains for a host of factors. Fortunately, tools for identifying and accommodating potentially confounding spatial or temporal trends are available, and new methods are being rapidly developed. Here, we provide guidance for gaining a better understanding of nonstationarity, its causes, and how it can be addressed. Acknowledging and addressing non‐constant trends in ecological patterns and processes is key to conducting large‐scale research and effectively translating findings to local policies and practices.</subfield></datafield><datafield tag="592" ind1=" " ind2=" "><subfield code="a">Publisher supplied data</subfield></datafield><datafield tag="593" ind1=" " ind2=" "><subfield code="a">PubAg article</subfield></datafield><datafield tag="596" ind1=" " ind2=" "><subfield code="a">DEB 1928375</subfield><subfield code="c">US National Science Foundation</subfield></datafield><datafield tag="650" ind1=" " ind2="3"><subfield code="a">ecology</subfield></datafield><datafield tag="650" ind1=" " ind2="3"><subfield code="a">environment</subfield></datafield><datafield tag="650" ind1=" " ind2="3"><subfield code="a">prediction</subfield></datafield><datafield tag="650" ind1=" " ind2="3"><subfield code="a">space and time</subfield></datafield><datafield tag="700" ind1="1" ind2=" "><subfield code="a">Finley, Andrew O</subfield><subfield code="e">author</subfield><subfield code="u">Ecology, Evolution, and Behavior Program, Michigan State University, East Lansing, MI</subfield></datafield><datafield tag="700" ind1="1" ind2=" "><subfield code="a">Alexander, M Ross</subfield><subfield code="e">author</subfield><subfield code="u">Midwest Dendro LLC, Naperville, IL, Argonne National Laboratory, Lemont, IL</subfield></datafield><datafield tag="700" ind1="1" ind2=" "><subfield code="a">Banerjee, Sudipto</subfield><subfield code="e">author</subfield><subfield code="u">Department of Biostatistics, School of Public Health, University of California–Los Angeles, Los Angeles, CA</subfield></datafield><datafield tag="700" ind1="1" ind2=" "><subfield code="a">Dixon Hamil, Kelly-Ann</subfield><subfield code="e">author</subfield><subfield code="u">Department of Economics, University of the West Indies, Mona Campus, Jamaica</subfield></datafield><datafield tag="700" ind1="1" ind2=" "><subfield code="a">Koenig, Lauren E</subfield><subfield code="e">author</subfield><subfield code="u">Natural Resources and the Environment, University of Connecticut, Storrs, CT</subfield></datafield><datafield tag="700" ind1="1" ind2=" "><subfield code="a">Locke, Dexter Henry</subfield><subfield code="e">author</subfield><subfield code="u">National Socio‐Environmental Synthesis Center, Annapolis, MD; current address: US Department of Agriculture, Forest Service Baltimore Field Station, Baltimore, MD</subfield></datafield><datafield tag="700" ind1="1" ind2=" "><subfield code="a">Peterson, Megan</subfield><subfield code="e">author</subfield><subfield code="u">Department of Plant Biology, University of Georgia, Athens, GA</subfield></datafield><datafield tag="700" ind1="1" ind2=" "><subfield code="a">Tingley, Morgan W</subfield><subfield code="e">author</subfield><subfield code="u">Department of Ecology and Evolutionary Biology, University of Connecticut, Storrs, CT</subfield></datafield><datafield tag="700" ind1="1" ind2=" "><subfield code="a">Wheeler, Kathryn</subfield><subfield code="e">author</subfield><subfield code="u">Earth and Environment, Boston University, Boston, MA</subfield></datafield><datafield tag="700" ind1="1" ind2=" "><subfield code="a">Youngflesh, Casey</subfield><subfield code="e">author</subfield><subfield code="u">Department of Ecology and Evolutionary Biology, University of Connecticut, Storrs, CT</subfield></datafield><datafield tag="700" ind1="1" ind2=" "><subfield code="a">Zipkin, Elise F</subfield><subfield code="e">author</subfield><subfield code="u">Ecology, Evolution, and Behavior Program, Michigan State University, East Lansing, MI</subfield></datafield><datafield tag="773" ind1="0" ind2=" "><subfield code="t">Frontiers in ecology and the environment.</subfield><subfield code="g">2021 Feb., v. 19, no. 1 p.66-72</subfield><subfield code="d">John Wiley &amp; Sons, Ltd</subfield><subfield code="w">Journal:23083</subfield><subfield code="x">1540-9295</subfield><subfield code="7">nnas</subfield></datafield><datafield tag="787" ind1="1" ind2=" "><subfield code="o">islandora_article_repository</subfield></datafield><datafield tag="787" ind1="1" ind2=" "><subfield code="o">product_pubag</subfield></datafield><datafield tag="787" ind1="1" ind2=" "><subfield code="o">(Journal)23083</subfield></datafield><datafield tag="856" ind1="4" ind2="0"><subfield code="u">http://dx.doi.org/10.1002/fee.2298</subfield><subfield code="3">Available from publisher's site</subfield></datafield><datafield tag="912" ind1=" " ind2=" "><subfield code="a">Article</subfield></datafield><datafield tag="914" ind1=" " ind2=" "><subfield code="a">Journal:23083</subfield><subfield code="b">1540-9295</subfield><subfield code="c">19</subfield><subfield code="d">1</subfield><subfield code="e">66</subfield></datafield><datafield tag="914" ind1=" " ind2=" "><subfield code="f">Frontiers in ecology and the environment</subfield></datafield><datafield tag="916" ind1=" " ind2=" "><subfield code="a">Batch:10091</subfield></datafield><datafield tag="917" ind1=" " ind2=" "><subfield code="a">issued</subfield></datafield><datafield tag="918" ind1="2" ind2=" "><subfield code="a">John Wiley &amp; Sons, Inc</subfield><subfield code="e">provider</subfield><subfield code="5">DNAL</subfield></datafield><datafield tag="935" ind1=" " ind2=" "><subfield code="a">IND607262353</subfield><subfield code="9">ExL</subfield></datafield><datafield tag="949" ind1=" " ind2=" "><subfield code="a">2021-04-18</subfield></datafield><datafield tag="953" ind1=" " ind2=" "><subfield code="a">/data/metadata/incoming/wiley/15409295_2021_19_1.xml</subfield></datafield><datafield tag="954" ind1=" " ind2=" "><subfield code="a">file:/data/metadata/staging/wiley/15409295_2021_19_1.xml</subfield></datafield><datafield tag="955" ind1=" " ind2=" "><subfield code="a">/data/metadata/staging/wiley/</subfield></datafield><datafield tag="974" ind1=" " ind2=" "><subfield code="a">agid:7262353</subfield></datafield><datafield tag="983" ind1=" " ind2=" "><subfield code="a">2021-02-02</subfield></datafield><datafield tag="984" ind1=" " ind2=" "><subfield code="a">2021-04-18</subfield></datafield></record>