<record><leader>04848nab a2200829 u 4500</leader><controlfield tag="001">9916111642207426</controlfield><controlfield tag="005">20221121023837.0</controlfield><controlfield tag="008">181212e201009 xx |||||o|||||||||||eng||</controlfield><datafield tag="" ind1="7" ind2=" "><subfield code="a">IND44410057</subfield><subfield code="2">DNAL</subfield></datafield><datafield tag="024" ind1="7" ind2=" "><subfield code="a">19629733</subfield><subfield code="2">pmid</subfield></datafield><datafield tag="024" ind1="7" ind2=" "><subfield code="a">10.1007/s10661-009-1100-9</subfield><subfield code="2">doi</subfield></datafield><datafield tag="035" ind1=" " ind2=" "><subfield code="a">agid:538282-01nal_inst</subfield></datafield><datafield tag="040" ind1=" " ind2=" "><subfield code="a">AGL</subfield><subfield code="b">eng</subfield><subfield code="c">AGL</subfield></datafield><datafield tag="100" ind1="1" ind2=" "><subfield code="a">Nevalainen, Seppo</subfield><subfield code="e">author</subfield><subfield code="u">Joensuu Research Unit, Finnish Forest Research Institute, P.O. Box 68, 80101, Joensuu, Finland. seppo.nevalainen@metla.fi</subfield></datafield><datafield tag="245" ind1="1" ind2="0"><subfield code="a">Extensive tree health monitoring networks are useful in revealing the impacts of widespread biotic damage in boreal forests</subfield></datafield><datafield tag="300" ind1=" " ind2=" "><subfield code="a">p. 159-171.</subfield></datafield><datafield tag="520" ind1=" " ind2=" "><subfield code="a">We surveyed the regional distribution of conifer defoliation in Finland with an extensive monitoring network during 1995–2006 (EU Forest Focus Level I). The average defoliation in the whole Finland was 10.3% in pine and 19.9% in spruce. The sharp changes were often related to abiotic and biotic factors. The mean age of the stand explained more than one half of the between-plot variance in defoliation. In a variance component analysis, the main effect of years was negligible, while most of the random variation was due to plot main effect and plot × year interaction. About one fifth of the defoliation could be attributed to abiotic or biotic damage, and there were strong local correlations, e.g., between the changes in defoliation and degree of pine sawfly (Diprionidae) damage. There were clear temporal and spatial patterns in the incidence of the most important causes [Scots pine: Scleroderris canker (Gremmeniella abietina), pine shoot beetles (Tomicus sp.), and pine sawflies (Diprion pini, Neodiprion sertifer); Norway spruce: rust fungi (primarily Chrysomyxa ledi)]. Our results suggest that extensive monitoring networks can reveal useful information about the widespread outbreaks of pest organisms (insects and fungi) already in their increase phases, giving some time for management decisions. In a changing climate, large-scale, regular monitoring of tree health, including abiotic and biotic causes, is more important than ever before.</subfield></datafield><datafield tag="592" ind1=" " ind2=" "><subfield code="a">Publisher supplied data</subfield></datafield><datafield tag="593" ind1=" " ind2=" "><subfield code="a">PubAg article</subfield></datafield><datafield tag="650" ind1=" " ind2="3"><subfield code="a">Chrysomyxa</subfield></datafield><datafield tag="650" ind1=" " ind2="3"><subfield code="a">Diprion pini</subfield></datafield><datafield tag="650" ind1=" " ind2="3"><subfield code="a">European Union</subfield></datafield><datafield tag="650" ind1=" " ind2="3"><subfield code="a">Gremmeniella abietina</subfield></datafield><datafield tag="650" ind1=" " ind2="3"><subfield code="a">Neodiprion sertifer</subfield></datafield><datafield tag="650" ind1=" " ind2="3"><subfield code="a">Picea abies</subfield></datafield><datafield tag="650" ind1=" " ind2="3"><subfield code="a">Pinus sylvestris</subfield></datafield><datafield tag="650" ind1=" " ind2="3"><subfield code="a">Tomicus</subfield></datafield><datafield tag="650" ind1=" " ind2="3"><subfield code="a">analysis of variance</subfield></datafield><datafield tag="650" ind1=" " ind2="3"><subfield code="a">climate change</subfield></datafield><datafield tag="650" ind1=" " ind2="3"><subfield code="a">conifers</subfield></datafield><datafield tag="650" ind1=" " ind2="3"><subfield code="a">defoliation</subfield></datafield><datafield tag="650" ind1=" " ind2="3"><subfield code="a">forest damage</subfield></datafield><datafield tag="650" ind1=" " ind2="3"><subfield code="a">forests</subfield></datafield><datafield tag="650" ind1=" " ind2="3"><subfield code="a">fungi</subfield></datafield><datafield tag="650" ind1=" " ind2="3"><subfield code="a">monitoring</subfield></datafield><datafield tag="650" ind1=" " ind2="3"><subfield code="a">sawflies</subfield></datafield><datafield tag="650" ind1=" " ind2="3"><subfield code="a">time management</subfield></datafield><datafield tag="650" ind1=" " ind2="3"><subfield code="a">trees</subfield></datafield><datafield tag="650" ind1=" " ind2="3"><subfield code="a">variance</subfield></datafield><datafield tag="650" ind1=" " ind2="2"><subfield code="a">Biodiversity</subfield></datafield><datafield tag="650" ind1=" " ind2="2"><subfield code="a">Conservation of Natural Resources</subfield></datafield><datafield tag="650" ind1=" " ind2="2"><subfield code="a">Environmental Monitoring</subfield></datafield><datafield tag="650" ind1=" " ind2="2"><subfield code="a">Environmental Pollution</subfield><subfield code="x">analysis</subfield><subfield code="x">statistics &amp; numerical data</subfield></datafield><datafield tag="650" ind1=" " ind2="2"><subfield code="a">Epidemiological Monitoring</subfield></datafield><datafield tag="650" ind1=" " ind2="2"><subfield code="a">Forestry</subfield></datafield><datafield tag="650" ind1=" " ind2="2"><subfield code="a">Mycoses</subfield><subfield code="x">epidemiology</subfield></datafield><datafield tag="650" ind1=" " ind2="2"><subfield code="a">Plant Diseases</subfield><subfield code="x">microbiology</subfield><subfield code="x">parasitology</subfield><subfield code="x">statistics &amp; numerical data</subfield></datafield><datafield tag="650" ind1=" " ind2="2"><subfield code="a">Trees</subfield><subfield code="x">growth &amp; development</subfield><subfield code="x">microbiology</subfield><subfield code="x">parasitology</subfield></datafield><datafield tag="651" ind1=" " ind2="0"><subfield code="a">Finland</subfield></datafield><datafield tag="700" ind1="1" ind2=" "><subfield code="a">Lindgren, Martti</subfield><subfield code="e">author</subfield><subfield code="u">Vantaa Research Unit, Finnish Forest Research Institute, P.O. Box 18, 01301, Vantaa, Finland</subfield></datafield><datafield tag="700" ind1="1" ind2=" "><subfield code="a">Pouttu, Antti</subfield><subfield code="e">author</subfield><subfield code="u">Vantaa Research Unit, Finnish Forest Research Institute, P.O. Box 18, 01301, Vantaa, Finland</subfield></datafield><datafield tag="700" ind1="1" ind2=" "><subfield code="a">Heinonen, Jaakko</subfield><subfield code="e">author</subfield><subfield code="u">Joensuu Research Unit, Finnish Forest Research Institute, P.O. Box 68, 80101, Joensuu, Finland</subfield></datafield><datafield tag="700" ind1="1" ind2=" "><subfield code="a">Hongisto, Marke</subfield><subfield code="e">author</subfield><subfield code="u">Air Quality Research, Finnish Meteorological Institute, P.O. Box 503, 00101, Helsinki, Finland</subfield></datafield><datafield tag="700" ind1="1" ind2=" "><subfield code="a">Neuvonen, Seppo</subfield><subfield code="e">author</subfield><subfield code="u">Joensuu Research Unit, Finnish Forest Research Institute, P.O. Box 68, 80101, Joensuu, Finland</subfield></datafield><datafield tag="773" ind1="0" ind2=" "><subfield code="t">Environmental monitoring and assessment.</subfield><subfield code="g">2010 Sept., v. 168, no. 1-4 p.159-171</subfield><subfield code="d">Springer Netherlands</subfield><subfield code="w">Journal:jnl33242</subfield><subfield code="x">7-6369</subfield><subfield code="7">nnas</subfield></datafield><datafield tag="787" ind1="1" ind2=" "><subfield code="o">islandora_article_repository</subfield></datafield><datafield tag="787" ind1="1" ind2=" "><subfield code="o">product_pubag</subfield></datafield><datafield tag="787" ind1="1" ind2=" "><subfield code="o">(Journal)jnl33242</subfield></datafield><datafield tag="856" ind1="4" ind2="0"><subfield code="u">https://dx.doi.org/10.1007/s10661-009-1100-9</subfield><subfield code="3">Available from publisher's site</subfield></datafield><datafield tag="912" ind1=" " ind2=" "><subfield code="a">Article</subfield></datafield><datafield tag="914" ind1=" " ind2=" "><subfield code="a">Journal:jnl33242</subfield><subfield code="b">7-6369</subfield><subfield code="c">168</subfield><subfield code="d">1-4</subfield><subfield code="e">159</subfield></datafield><datafield tag="914" ind1=" " ind2=" "><subfield code="f">Environmental monitoring and assessment</subfield></datafield><datafield tag="917" ind1=" " ind2=" "><subfield code="a">issued</subfield></datafield><datafield tag="918" ind1="2" ind2=" "><subfield code="a">Springer</subfield><subfield code="e">provider</subfield><subfield code="5">DNAL</subfield></datafield><datafield tag="935" ind1=" " ind2=" "><subfield code="a">IND44410057</subfield><subfield code="9">ExL</subfield></datafield><datafield tag="949" ind1=" " ind2=" "><subfield code="a">2018-12-12</subfield></datafield><datafield tag="953" ind1=" " ind2=" "><subfield code="a">/data/metadata/incoming/springer/ftp_PUB_18-12-12_05-46-54.zip</subfield></datafield><datafield tag="954" ind1=" " ind2=" "><subfield code="a">file:/data/metadata/staging/springer/10661-168-1-4.xml</subfield></datafield><datafield tag="955" ind1=" " ind2=" "><subfield code="a">/data/metadata/staging/springer/</subfield></datafield><datafield tag="974" ind1=" " ind2=" "><subfield code="a">agid:538282</subfield></datafield><datafield tag="983" ind1=" " ind2=" "><subfield code="a">2018-12-12</subfield></datafield><datafield tag="984" ind1=" " ind2=" "><subfield code="a">2018-12-12</subfield></datafield></record>