<record><leader>01999nab a2200493 u 4500</leader><controlfield tag="001">9916111662707426</controlfield><controlfield tag="005">20221121045045.0</controlfield><controlfield tag="008">000608e199909 miu|||||o|||||||||||eng||</controlfield><datafield tag="" ind1="7" ind2=" "><subfield code="a">IND22051782</subfield><subfield code="2">DNAL</subfield></datafield><datafield tag="035" ind1=" " ind2=" "><subfield code="a">agid:2857699-01nal_inst</subfield></datafield><datafield tag="040" ind1=" " ind2=" "><subfield code="a">AGL</subfield><subfield code="b">eng</subfield><subfield code="c">AGL</subfield></datafield><datafield tag="100" ind1="1" ind2=" "><subfield code="a">Boman, B.J.</subfield></datafield><datafield tag="245" ind1="1" ind2="0"><subfield code="a">Microsprinkler experiences in Florida citrus</subfield></datafield><datafield tag="300" ind1=" " ind2=" "><subfield code="a">p. 465-475.</subfield></datafield><datafield tag="520" ind1=" " ind2=" "><subfield code="a">Microirrigation is by far the most common method of irrigating citrus in Florida. Typically, citrus trees are irrigated with microsprinklers on stake assemblies. Research and experience have shown that there are several important factors to consider when designing, installing, operating, and maintaining a microsprinkler systems in Florida. This article summarizes some of the more important aspects to consider when selecting microsprinklers for humid-region tree crops including application uniformity, clogging, insect problems, wear, wetting patterns, freeze protection, and emitter maintenance.</subfield></datafield><datafield tag="650" ind1=" " ind2="3"><subfield code="a">Citrus</subfield></datafield><datafield tag="650" ind1=" " ind2="3"><subfield code="a">microirrigation</subfield></datafield><datafield tag="650" ind1=" " ind2="3"><subfield code="a">design</subfield></datafield><datafield tag="650" ind1=" " ind2="3"><subfield code="a">spatial distribution</subfield></datafield><datafield tag="650" ind1=" " ind2="3"><subfield code="a">irrigation scheduling</subfield></datafield><datafield tag="650" ind1=" " ind2="3"><subfield code="a">operating costs</subfield></datafield><datafield tag="651" ind1=" " ind2="3"><subfield code="a">Florida</subfield></datafield><datafield tag="653" ind1=" " ind2="0"><subfield code="a">wear</subfield></datafield><datafield tag="653" ind1=" " ind2="0"><subfield code="a">blockage</subfield></datafield><datafield tag="653" ind1=" " ind2="0"><subfield code="a">emitters</subfield></datafield><datafield tag="653" ind1=" " ind2="0"><subfield code="a">maintenance</subfield></datafield><datafield tag="700" ind1="1" ind2=" "><subfield code="a">Parsons, L.R.</subfield></datafield><datafield tag="773" ind1="0" ind2=" "><subfield code="t">Applied engineering in agriculture.</subfield><subfield code="g">1999 Sept., v. 15, no. 5 p.465-475</subfield><subfield code="x">0883-8542</subfield><subfield code="7">nnas</subfield></datafield><datafield tag="787" ind1="1" ind2=" "><subfield code="o">islandora_article_repository</subfield></datafield><datafield tag="787" ind1="1" ind2=" "><subfield code="o">(Journal)2058</subfield></datafield><datafield tag="852" ind1=" " ind2=" "><subfield code="a">DNAL</subfield></datafield><datafield tag="912" ind1=" " ind2=" "><subfield code="a">Article</subfield></datafield><datafield tag="914" ind1=" " ind2=" "><subfield code="a">Journal:2058</subfield></datafield><datafield tag="914" ind1=" " ind2=" "><subfield code="f">Appl. eng. agric</subfield></datafield><datafield tag="917" ind1=" " ind2=" "><subfield code="a">issued</subfield></datafield><datafield tag="930" ind1=" " ind2=" "><subfield code="a">20000902</subfield><subfield code="b">20000912</subfield><subfield code="c">00000000</subfield></datafield><datafield tag="935" ind1=" " ind2=" "><subfield code="a">IND22051782</subfield><subfield code="9">ExL</subfield></datafield><datafield tag="945" ind1=" " ind2=" "><subfield code="a">IND</subfield><subfield code="d">CMS</subfield></datafield><datafield tag="946" ind1=" " ind2=" "><subfield code="a">Other US</subfield></datafield><datafield tag="952" ind1=" " ind2=" "><subfield code="a">20000902 20000912 00000000</subfield><subfield code="b">IND CMS </subfield></datafield><datafield tag="974" ind1=" " ind2=" "><subfield code="a">agid:2857699</subfield></datafield><datafield tag="984" ind1=" " ind2=" "><subfield code="a">2014-12-25</subfield></datafield><datafield tag="985" ind1=" " ind2=" "><subfield code="a">Converted from MARCXML to MODS version 3.4 using MARC21slim2MODS3-4.xsl (Revision 1.95 2014/04/23)</subfield></datafield><datafield tag="986" ind1=" " ind2=" "><subfield code="a">3416017</subfield></datafield></record>