<record><leader>05491nab a2200769 u 4500</leader><controlfield tag="001">9916111742107426</controlfield><controlfield tag="005">20221121233001.0</controlfield><controlfield tag="008">190325e20190308xx |||||o|||||||||||eng||</controlfield><datafield tag="" ind1="7" ind2=" "><subfield code="a">IND606343767</subfield><subfield code="2">DNAL</subfield></datafield><datafield tag="024" ind1="7" ind2=" "><subfield code="a">10.1/j.foreco.2019.03.017</subfield><subfield code="2">doi</subfield></datafield><datafield tag="035" ind1=" " ind2=" "><subfield code="a">agid:6343767-01nal_inst</subfield></datafield><datafield tag="040" ind1=" " ind2=" "><subfield code="a">AGL</subfield><subfield code="b">eng</subfield><subfield code="c">AGL</subfield></datafield><datafield tag="100" ind1="1" ind2=" "><subfield code="a">Reilly, Matthew J.</subfield><subfield code="e">author</subfield><subfield code="u">Department of Biological Sciences, Humboldt State University, Arcata, CA 95521</subfield></datafield><datafield tag="245" ind1="1" ind2="0"><subfield code="a">Range-wide population structure and dynamics of a serotinous conifer, knobcone pine (Pinus attenuata L.), under an anthropogenically-altered disturbance regime</subfield></datafield><datafield tag="500" ind1=" " ind2=" "><subfield code="a">Pre-press version</subfield></datafield><datafield tag="520" ind1=" " ind2=" "><subfield code="a">There is growing concern that populations of fire-adapted species around the world are at risk of extirpation due to 20th century fire exclusion (i.e. senescence risk). Concurrently, increasing fire activity in many regions is prompting concern that repeated, short-interval fire poses a risk to young stands before trees reach reproductive maturity (i.e. immaturity risk). Conceptual models assessing vulnerability to both risks exist, yet there is a lack of empirically-based studies that assess the effects of anthropogenically-altered fire regimes across the entire range of a fire-adapted species. We used geospatial data on fire occurrence (1900 to 2015) and a systematic sample of recently re-measured (∼2005-2015) forest inventory plots across the range of a serotinous conifer, knobcone pine (Pinus attenuata), in California and southwestern Oregon, U.S.A. to assess the relative threat of immaturity and senescence risk. We base our assessment on: 1) recent trends in area burned, 2) geographic variability and changes in stand-scale population structure, and 3) patterns of local colonization, extirpation, and population change. The area burned across the species range was lowest during the early and mid-20th century and increased in the early 1980’s. Approximately 39% of the range burned between 1984 and 2015 and fire rotation was 81 years for the 25-year period ending in 2015. During this period, approximately 6% of the range of knobcone pine experienced repeated fire, and only 4% of the reburned area (∼0.25% of the entire range) experienced multiple fires at an interval less than 10 years. Most populations of knobcone pine currently exist in a mature or decadent state and we found evidence of recent senescence-related extirpation across approximately 15% of its range. However, we also observed a cumulative expansion of knobcone pine during the last decade, and the rate of colonization (less than half of which was associated with fire) was almost double that of extirpation. Despite high rates of colonization and expansion of knobcone pine in response to recent fires, vulnerability to extirpation varies geographically and remains high in some parts of the species range where wildfire activity has been low. This study provides a rare empirically-based look at the contribution of extirpation and colonization to the range-wide dynamics of a serotinous tree. Our findings underlie the importance of recognizing the different temporal and spatial scales at which contemporary disturbance regimes threaten fire-adapted species, and highlight the potential for alternative pathways of persistence and expansion of serotinous species.</subfield></datafield><datafield tag="592" ind1=" " ind2=" "><subfield code="a">Publisher supplied data</subfield></datafield><datafield tag="593" ind1=" " ind2=" "><subfield code="a">PubAg article</subfield></datafield><datafield tag="650" ind1=" " ind2="3"><subfield code="a">Pinus attenuata</subfield></datafield><datafield tag="650" ind1=" " ind2="3"><subfield code="a">conifers</subfield></datafield><datafield tag="650" ind1=" " ind2="3"><subfield code="a">fire regime</subfield></datafield><datafield tag="650" ind1=" " ind2="3"><subfield code="a">forest inventory</subfield></datafield><datafield tag="650" ind1=" " ind2="3"><subfield code="a">geographical variation</subfield></datafield><datafield tag="650" ind1=" " ind2="3"><subfield code="a">models</subfield></datafield><datafield tag="650" ind1=" " ind2="3"><subfield code="a">population dynamics</subfield></datafield><datafield tag="650" ind1=" " ind2="3"><subfield code="a">population structure</subfield></datafield><datafield tag="650" ind1=" " ind2="3"><subfield code="a">risk</subfield></datafield><datafield tag="650" ind1=" " ind2="3"><subfield code="a">risk assessment</subfield></datafield><datafield tag="650" ind1=" " ind2="3"><subfield code="a">sexual maturity</subfield></datafield><datafield tag="650" ind1=" " ind2="3"><subfield code="a">spatial data</subfield></datafield><datafield tag="650" ind1=" " ind2="3"><subfield code="a">trees</subfield></datafield><datafield tag="650" ind1=" " ind2="3"><subfield code="a">wildfires</subfield></datafield><datafield tag="651" ind1=" " ind2="3"><subfield code="a">California</subfield></datafield><datafield tag="651" ind1=" " ind2="3"><subfield code="a">Oregon</subfield></datafield><datafield tag="653" ind1=" " ind2="0"><subfield code="a">serotiny</subfield></datafield><datafield tag="653" ind1=" " ind2="0"><subfield code="a">senescence risk</subfield></datafield><datafield tag="653" ind1=" " ind2="0"><subfield code="a">immaturity risk</subfield></datafield><datafield tag="653" ind1=" " ind2="0"><subfield code="a">interval squeeze</subfield></datafield><datafield tag="653" ind1=" " ind2="0"><subfield code="a">extirpation</subfield></datafield><datafield tag="653" ind1=" " ind2="0"><subfield code="a">colonization</subfield></datafield><datafield tag="653" ind1=" " ind2="0"><subfield code="a">fire</subfield></datafield><datafield tag="653" ind1=" " ind2="0"><subfield code="a">knobcone pine</subfield></datafield><datafield tag="653" ind1=" " ind2="0"><subfield code="a">Pinus attenuata</subfield></datafield><datafield tag="700" ind1="1" ind2=" "><subfield code="a">Monleon, Vicente J.</subfield><subfield code="e">author</subfield><subfield code="u">USDA Forest Service Pacific Northwest Research Station, Corvallis, OR 97331</subfield></datafield><datafield tag="700" ind1="1" ind2=" "><subfield code="a">Jules, Erik S.</subfield><subfield code="e">author</subfield><subfield code="u">Department of Biological Sciences, Humboldt State University, Arcata, CA 95521</subfield></datafield><datafield tag="700" ind1="1" ind2=" "><subfield code="a">Butz, Ramona J.</subfield><subfield code="e">author</subfield><subfield code="u">USDA Forest Service Pacific Southwest Region, 1330 Bayshore Way, Eureka, CA 95501</subfield><subfield code="1">https://orcid.org/0000-0001-8595-0459</subfield></datafield><datafield tag="773" ind1="0" ind2=" "><subfield code="t">Forest ecology and management.</subfield><subfield code="g">2019 Mar. 08, </subfield><subfield code="d">Elsevier B.V.</subfield><subfield code="w">Journal:jnl9013</subfield><subfield code="x">0378-1127</subfield><subfield code="7">nnas</subfield></datafield><datafield tag="787" ind1="1" ind2=" "><subfield code="o">islandora_article_repository</subfield></datafield><datafield tag="787" ind1="1" ind2=" "><subfield code="o">product_pubag</subfield></datafield><datafield tag="787" ind1="1" ind2=" "><subfield code="o">(Journal)jnl9013</subfield></datafield><datafield tag="856" ind1="4" ind2="0"><subfield code="u">https://dx.doi.org/10.1/j.foreco.2019.03.017</subfield><subfield code="3">Available from publisher's site</subfield></datafield><datafield tag="912" ind1=" " ind2=" "><subfield code="a">Article</subfield></datafield><datafield tag="914" ind1=" " ind2=" "><subfield code="a">Journal:jnl9013</subfield><subfield code="b">0378-1127</subfield></datafield><datafield tag="914" ind1=" " ind2=" "><subfield code="f">Forest ecology and management</subfield></datafield><datafield tag="916" ind1=" " ind2=" "><subfield code="a">Batch:2187</subfield></datafield><datafield tag="917" ind1=" " ind2=" "><subfield code="a">issued</subfield></datafield><datafield tag="918" ind1="2" ind2=" "><subfield code="a">Elsevier Consyn</subfield><subfield code="e">provider</subfield><subfield code="5">DNAL</subfield></datafield><datafield tag="935" ind1=" " ind2=" "><subfield code="a">IND606343767</subfield><subfield code="9">ExL</subfield></datafield><datafield tag="949" ind1=" " ind2=" "><subfield code="a">2019-05-03</subfield></datafield><datafield tag="953" ind1=" " ind2=" "><subfield code="a">/data/metadata/incoming/consyn/35608-00002-HEAD-ONLY-NEW CONSYN ISSNS.zip</subfield></datafield><datafield tag="954" ind1=" " ind2=" "><subfield code="a">file:/data/metadata/staging/consyn/S0378112718323843.xml</subfield></datafield><datafield tag="955" ind1=" " ind2=" "><subfield code="a">/data/metadata/staging/consyn/</subfield></datafield><datafield tag="961" ind1=" " ind2=" "><subfield code="a">USDA/FS</subfield></datafield><datafield tag="962" ind1=" " ind2=" "><subfield code="a">Batch:2187 reviewed on 2019-05-03T12:00:03Z</subfield></datafield><datafield tag="974" ind1=" " ind2=" "><subfield code="a">agid:6343767</subfield></datafield><datafield tag="983" ind1=" " ind2=" "><subfield code="a">2019-03-25</subfield></datafield><datafield tag="984" ind1=" " ind2=" "><subfield code="a">2019-05-09</subfield></datafield></record>