<record><leader>05590nab a2200685 u 4500</leader><controlfield tag="001">9916111838407426</controlfield><controlfield tag="005">20221122213018.0</controlfield><controlfield tag="008">210101e202101 xx |||||o|||||||||||eng||</controlfield><datafield tag="" ind1="7" ind2=" "><subfield code="a">IND607222956</subfield><subfield code="2">DNAL</subfield></datafield><datafield tag="024" ind1="7" ind2=" "><subfield code="a">10.1111/oik.07777</subfield><subfield code="2">doi</subfield></datafield><datafield tag="035" ind1=" " ind2=" "><subfield code="a">agid:7222956-01nal_inst</subfield></datafield><datafield tag="040" ind1=" " ind2=" "><subfield code="a">AGL</subfield><subfield code="b">eng</subfield><subfield code="c">AGL</subfield></datafield><datafield tag="100" ind1="1" ind2=" "><subfield code="a">Zeng, Weixian</subfield><subfield code="e">author</subfield><subfield code="u">Faculty of Life Science and Technology, Central South Univ. of Forestry and Technology, CN‐410004, Changsha, Hunan Province, PR China</subfield></datafield><datafield tag="245" ind1="1" ind2="0"><subfield code="a">Positive tree diversity effect on fine root biomass: via density dependence rather than spatial root partitioning</subfield></datafield><datafield tag="300" ind1=" " ind2=" "><subfield code="a">p. 1-14.</subfield></datafield><datafield tag="500" ind1=" " ind2=" "><subfield code="a">NAL-light</subfield></datafield><datafield tag="500" ind1=" " ind2=" "><subfield code="a">JOURNAL ARTICLE</subfield></datafield><datafield tag="520" ind1=" " ind2=" "><subfield code="a">The importance of species richness to ecosystem functioning and services is a central tenet of biological conservation. However, most of our theory and mechanistic understanding is based on diversity found aboveground. Our study sought to better understand the relationship between diversity and belowground function by studying root biomass across a plant diversity gradient. We collected soil cores from 91 plots with between 1 and 12 aboveground tree species in three natural secondary forests to measure fine root (≤ 2 mm in diameter) biomass. Molecular methods were used to identify the tree species of fine roots and to estimate fine root biomass for each species. This study tested whether the spatial root partitioning (species differ by belowground territory) and symmetric growth (the capacity to colonize nutrient‐rich hotspots) underpin the relationship between aboveground species richness and fine root biomass. All species preferred to grow in nutrient‐rich areas and symmetric growth could explain the positive relationship between aboveground species richness and fine root biomass. However, symmetric growth only appeared in the nutrient‐rich upper soil layer (0–10 cm). Structural equation modelling indicated that aboveground species richness and stand density significantly affected fine root biomass. Specifically, fine root biomass depended on the interaction between aboveground species richness and stand density, with fine root biomass increasing with species richness at lower stand density, but not at higher stand density. Overall, evidence for spatial (i.e. vertical) root partitioning was inconsistent; assumingly any roots growing into deeper unexplored soil layers were not sufficient contributors to the positive diversity–function relationship. Alternatively, density‐dependent biotic interactions affecting tree recruitment are an important driver affecting productivity in diverse subtropical forests but the usual root distribution patterns in line with the spatial root partitioning hypothesis are unrealistic in contexts where soil nutrients are heterogeneously distributed.</subfield></datafield><datafield tag="592" ind1=" " ind2=" "><subfield code="a">Publisher supplied data</subfield></datafield><datafield tag="593" ind1=" " ind2=" "><subfield code="a">PubAg article</subfield></datafield><datafield tag="650" ind1=" " ind2="3"><subfield code="a">biomass</subfield></datafield><datafield tag="650" ind1=" " ind2="3"><subfield code="a">density</subfield></datafield><datafield tag="650" ind1=" " ind2="3"><subfield code="a">diameter</subfield></datafield><datafield tag="650" ind1=" " ind2="3"><subfield code="a">fine roots</subfield></datafield><datafield tag="650" ind1=" " ind2="3"><subfield code="a">secondary forests</subfield></datafield><datafield tag="650" ind1=" " ind2="3"><subfield code="a">soil</subfield></datafield><datafield tag="650" ind1=" " ind2="3"><subfield code="a">soil nutrients</subfield></datafield><datafield tag="650" ind1=" " ind2="3"><subfield code="a">species recruitment</subfield></datafield><datafield tag="650" ind1=" " ind2="3"><subfield code="a">species richness</subfield></datafield><datafield tag="650" ind1=" " ind2="3"><subfield code="a">stand density</subfield></datafield><datafield tag="650" ind1=" " ind2="3"><subfield code="a">structural equation modeling</subfield></datafield><datafield tag="650" ind1=" " ind2="3"><subfield code="a">trees</subfield></datafield><datafield tag="650" ind1=" " ind2="3"><subfield code="a">tropical forests</subfield></datafield><datafield tag="700" ind1="1" ind2=" "><subfield code="a">Xiang, Wenhua</subfield><subfield code="e">author</subfield><subfield code="u">Faculty of Life Science and Technology, Central South Univ. of Forestry and Technology, CN‐410004, Changsha, Hunan Province, PR China</subfield><subfield code="1">https://orcid.org/0000-0002-6762-7938</subfield></datafield><datafield tag="700" ind1="1" ind2=" "><subfield code="a">Zhou, Bo</subfield><subfield code="e">author</subfield><subfield code="u">Faculty of Life Science and Technology, Central South Univ. of Forestry and Technology, CN‐410004, Changsha, Hunan Province, PR China</subfield></datafield><datafield tag="700" ind1="1" ind2=" "><subfield code="a">Ouyang, Shuai</subfield><subfield code="e">author</subfield><subfield code="u">Faculty of Life Science and Technology, Central South Univ. of Forestry and Technology, CN‐410004, Changsha, Hunan Province, PR China</subfield></datafield><datafield tag="700" ind1="1" ind2=" "><subfield code="a">Zeng, Yelin</subfield><subfield code="e">author</subfield><subfield code="u">Faculty of Life Science and Technology, Central South Univ. of Forestry and Technology, CN‐410004, Changsha, Hunan Province, PR China</subfield></datafield><datafield tag="700" ind1="1" ind2=" "><subfield code="a">Chen, Liang</subfield><subfield code="e">author</subfield><subfield code="u">Faculty of Life Science and Technology, Central South Univ. of Forestry and Technology, CN‐410004, Changsha, Hunan Province, PR China</subfield></datafield><datafield tag="700" ind1="1" ind2=" "><subfield code="a">Freschet, Grégoire T.</subfield><subfield code="e">author</subfield><subfield code="u">Centre Ecologie Fonctionnelle Evolutive, Univ. Montpellier, CNRS, Univ. Paul Valéry, EPHE, IRD, Montpellier, France</subfield></datafield><datafield tag="700" ind1="1" ind2=" "><subfield code="a">Valverde‐Barrantes, Oscar J.</subfield><subfield code="e">author</subfield><subfield code="u">Int. Center of Tropical Botany, Florida International Univ., Miami, FL, USA</subfield></datafield><datafield tag="700" ind1="1" ind2=" "><subfield code="a">Milcu, Alexandru</subfield><subfield code="e">author</subfield><subfield code="u">Centre Ecologie Fonctionnelle Evolutive, Univ. Montpellier, CNRS, Univ. Paul Valéry, EPHE, IRD, Montpellier, France</subfield><subfield code="1">https://orcid.org/0000-0002-2889-1234</subfield></datafield><datafield tag="773" ind1="0" ind2=" "><subfield code="t">Oikos.</subfield><subfield code="g">2021 Jan., v. 130, no. 1 p.1-14</subfield><subfield code="d">Blackwell Publishing Ltd</subfield><subfield code="w">Journal:jnl30362</subfield><subfield code="x">0030-1299</subfield><subfield code="7">nnas</subfield></datafield><datafield tag="787" ind1="1" ind2=" "><subfield code="o">islandora_article_repository</subfield></datafield><datafield tag="787" ind1="1" ind2=" "><subfield code="o">product_pubag</subfield></datafield><datafield tag="787" ind1="1" ind2=" "><subfield code="o">(Journal)jnl30362</subfield></datafield><datafield tag="856" ind1="4" ind2="0"><subfield code="u">http://dx.doi.org/10.1111/oik.07777</subfield><subfield code="3">Available from publisher's site</subfield></datafield><datafield tag="912" ind1=" " ind2=" "><subfield code="a">Article</subfield></datafield><datafield tag="914" ind1=" " ind2=" "><subfield code="a">Journal:jnl30362</subfield><subfield code="b">0030-1299</subfield><subfield code="c">130</subfield><subfield code="d">1</subfield><subfield code="e">1</subfield></datafield><datafield tag="914" ind1=" " ind2=" "><subfield code="f">Oikos</subfield></datafield><datafield tag="916" ind1=" " ind2=" "><subfield code="a">Batch:2644</subfield></datafield><datafield tag="917" ind1=" " ind2=" "><subfield code="a">issued</subfield></datafield><datafield tag="918" ind1="2" ind2=" "><subfield code="a">John Wiley &amp; Sons, Inc</subfield><subfield code="e">provider</subfield><subfield code="5">DNAL</subfield></datafield><datafield tag="935" ind1=" " ind2=" "><subfield code="a">IND607222956</subfield><subfield code="9">ExL</subfield></datafield><datafield tag="949" ind1=" " ind2=" "><subfield code="a">2021-03-01</subfield></datafield><datafield tag="953" ind1=" " ind2=" "><subfield code="a">/data/metadata/incoming/wiley/00301299_2021_130_1.xml</subfield></datafield><datafield tag="954" ind1=" " ind2=" "><subfield code="a">file:/data/metadata/staging/wiley/00301299_2021_130_1.xml</subfield></datafield><datafield tag="955" ind1=" " ind2=" "><subfield code="a">/data/metadata/staging/wiley/</subfield></datafield><datafield tag="974" ind1=" " ind2=" "><subfield code="a">agid:7222956</subfield></datafield><datafield tag="983" ind1=" " ind2=" "><subfield code="a">2021-01-01</subfield></datafield><datafield tag="984" ind1=" " ind2=" "><subfield code="a">2021-03-01</subfield></datafield></record>