<record><leader>05322nab a2200709 u 4500</leader><controlfield tag="001">9916111861107426</controlfield><controlfield tag="005">20221123000959.0</controlfield><controlfield tag="008">210430e202103 xx |||||o|||||||||||eng||</controlfield><datafield tag="" ind1="7" ind2=" "><subfield code="a">IND607359782</subfield><subfield code="2">DNAL</subfield></datafield><datafield tag="024" ind1="7" ind2=" "><subfield code="a">10.1111/jvs.13022</subfield><subfield code="2">doi</subfield></datafield><datafield tag="035" ind1=" " ind2=" "><subfield code="a">agid:7359782-01nal_inst</subfield></datafield><datafield tag="040" ind1=" " ind2=" "><subfield code="a">AGL</subfield><subfield code="b">eng</subfield><subfield code="c">AGL</subfield></datafield><datafield tag="100" ind1="1" ind2=" "><subfield code="a">Luo, Weixue</subfield><subfield code="e">author</subfield><subfield code="u">Research Center of Forest Management Engineering of State Forestry and Grassland Administration, Beijing Forestry University, Beijing, China</subfield><subfield code="1">https://orcid.org/0000-0002-3809-4335</subfield></datafield><datafield tag="245" ind1="1" ind2="0"><subfield code="a">Understanding patterns and potential drivers of forest diversity in northeastern China using machine‐learning algorithms</subfield></datafield><datafield tag="500" ind1=" " ind2=" "><subfield code="a">NAL-AP-2-clean</subfield></datafield><datafield tag="500" ind1=" " ind2=" "><subfield code="a">JOURNAL ARTICLE</subfield></datafield><datafield tag="520" ind1=" " ind2=" "><subfield code="a">QUESTION: Forest ecosystems are the most important global repositories of terrestrial biodiversity. The mixed temperate forests in northeastern China constitute one of the most biodiverse temperate regions globally and provide nearly one‐third of China's wood supply. We ask what are the spatial patterns and potential drivers of tree species diversity in mixed temperate forests. LOCATION: Temperate, mixed forests of northeastern China. METHODS: Using a large set of ground‐source forest inventory data (FIN) and geospatial covariates derived from published raster layers, we compared different machine‐learning and statistical models to study spatial patterns of tree species diversity and their underpinning drivers. RESULTS: The spatial distribution of tree species diversity (species richness and evenness) varied greatly across northeastern China. Tree species diversity varied most with climatic (annual precipitation and annual mean temperature), topographic (elevation and slope), and anthropogenic factors. Anthropogenic factors affected tree species evenness (importance value = 13%) more than tree species richness (importance value = 9%). Based on these relationships, we mapped spatial patterns of tree diversity throughout the region at a 1 km × 1 km resolution. CONCLUSIONS: Our findings shed light on the processes behind community assembly and biodiversity patterns in mixed temperate forests in northeastern China, and provide a benchmark for future assessment of biodiversity. Our high‐resolution tree species diversity maps can be useful to landowners and land management agencies in their decision‐making processes about sustainable forest management, biodiversity conservation, and forest restoration — a priority task outlined by the recently implemented 2050 China National Forest Management Plan.</subfield></datafield><datafield tag="592" ind1=" " ind2=" "><subfield code="a">Publisher supplied data</subfield></datafield><datafield tag="593" ind1=" " ind2=" "><subfield code="a">PubAg article</subfield></datafield><datafield tag="596" ind1=" " ind2=" "><subfield code="a">31971650</subfield><subfield code="c">Program of National Natural Science Foundation of China</subfield></datafield><datafield tag="596" ind1=" " ind2=" "><subfield code="a">2017YFC0504104</subfield><subfield code="c">Key Project of National Key Research and Development Plan</subfield></datafield><datafield tag="596" ind1=" " ind2=" "><subfield code="a">2019JQ03001</subfield><subfield code="c">Beijing Forestry University Outstanding Young Talent Cultivation Project</subfield></datafield><datafield tag="596" ind1=" " ind2=" "><subfield code="c">Department of Forestry and Natural Resource of Purdue University</subfield></datafield><datafield tag="596" ind1=" " ind2=" "><subfield code="a">2019XKJS0501</subfield><subfield code="c">Short‐term International Student Program for Postgraduates of Forestry First‐Class Discipline</subfield></datafield><datafield tag="650" ind1=" " ind2="3"><subfield code="a">artificial intelligence</subfield></datafield><datafield tag="650" ind1=" " ind2="3"><subfield code="a">atmospheric precipitation</subfield></datafield><datafield tag="650" ind1=" " ind2="3"><subfield code="a">biodiversity conservation</subfield></datafield><datafield tag="650" ind1=" " ind2="3"><subfield code="a">decision making</subfield></datafield><datafield tag="650" ind1=" " ind2="3"><subfield code="a">forest inventory</subfield></datafield><datafield tag="650" ind1=" " ind2="3"><subfield code="a">forest management</subfield></datafield><datafield tag="650" ind1=" " ind2="3"><subfield code="a">forest restoration</subfield></datafield><datafield tag="650" ind1=" " ind2="3"><subfield code="a">land management</subfield></datafield><datafield tag="650" ind1=" " ind2="3"><subfield code="a">national forests</subfield></datafield><datafield tag="650" ind1=" " ind2="3"><subfield code="a">species richness</subfield></datafield><datafield tag="650" ind1=" " ind2="3"><subfield code="a">sustainable forestry</subfield></datafield><datafield tag="650" ind1=" " ind2="3"><subfield code="a">temperature</subfield></datafield><datafield tag="650" ind1=" " ind2="3"><subfield code="a">topography</subfield></datafield><datafield tag="650" ind1=" " ind2="3"><subfield code="a">trees</subfield></datafield><datafield tag="650" ind1=" " ind2="3"><subfield code="a">wood</subfield></datafield><datafield tag="651" ind1=" " ind2="3"><subfield code="a">China</subfield></datafield><datafield tag="700" ind1="1" ind2=" "><subfield code="a">Zhang, Chunyu</subfield><subfield code="e">author</subfield><subfield code="u">Research Center of Forest Management Engineering of State Forestry and Grassland Administration, Beijing Forestry University, Beijing, China</subfield><subfield code="1">https://orcid.org/0000-0003-3091-5060</subfield></datafield><datafield tag="700" ind1="1" ind2=" "><subfield code="a">Zhao, Xiuhai</subfield><subfield code="e">author</subfield><subfield code="u">Research Center of Forest Management Engineering of State Forestry and Grassland Administration, Beijing Forestry University, Beijing, China</subfield><subfield code="1">https://orcid.org/0000-0003-0879-4063</subfield></datafield><datafield tag="700" ind1="1" ind2=" "><subfield code="a">Liang, Jingjing</subfield><subfield code="e">author</subfield><subfield code="u">Forest Advanced Computing and Artificial Intelligence Laboratory (FACAI), Department of Forestry and Natural Resources, Purdue University, West Lafayette, IN, USA</subfield><subfield code="1">https://orcid.org/0000-0001-9439-9320</subfield></datafield><datafield tag="773" ind1="0" ind2=" "><subfield code="t">Journal of vegetation science.</subfield><subfield code="g">2021 Mar., v. 32, no. 2 p.e13022-</subfield><subfield code="d">John Wiley &amp; Sons, Ltd</subfield><subfield code="w">Journal:jnl46820</subfield><subfield code="x">1100-9233</subfield><subfield code="7">nnas</subfield></datafield><datafield tag="787" ind1="1" ind2=" "><subfield code="o">islandora_article_repository</subfield></datafield><datafield tag="787" ind1="1" ind2=" "><subfield code="o">product_pubag</subfield></datafield><datafield tag="787" ind1="1" ind2=" "><subfield code="o">(Journal)jnl46820</subfield></datafield><datafield tag="856" ind1="4" ind2="0"><subfield code="u">http://dx.doi.org/10.1111/jvs.13022</subfield><subfield code="3">Available from publisher's site</subfield></datafield><datafield tag="912" ind1=" " ind2=" "><subfield code="a">Article</subfield></datafield><datafield tag="914" ind1=" " ind2=" "><subfield code="a">Journal:jnl46820</subfield><subfield code="b">1100-9233</subfield><subfield code="c">32</subfield><subfield code="d">2</subfield><subfield code="e">e13022</subfield></datafield><datafield tag="914" ind1=" " ind2=" "><subfield code="f">Journal of vegetation science</subfield></datafield><datafield tag="916" ind1=" " ind2=" "><subfield code="a">Batch:10148</subfield></datafield><datafield tag="917" ind1=" " ind2=" "><subfield code="a">issued</subfield></datafield><datafield tag="918" ind1="2" ind2=" "><subfield code="a">John Wiley &amp; Sons, Inc</subfield><subfield code="e">provider</subfield><subfield code="5">DNAL</subfield></datafield><datafield tag="935" ind1=" " ind2=" "><subfield code="a">IND607359782</subfield><subfield code="9">ExL</subfield></datafield><datafield tag="949" ind1=" " ind2=" "><subfield code="a">2021-06-18</subfield></datafield><datafield tag="953" ind1=" " ind2=" "><subfield code="a">/data/metadata/incoming/wiley/11009233_2021_32_2.xml</subfield></datafield><datafield tag="954" ind1=" " ind2=" "><subfield code="a">file:/data/metadata/staging/wiley/11009233_2021_32_2.xml</subfield></datafield><datafield tag="955" ind1=" " ind2=" "><subfield code="a">/data/metadata/staging/wiley/</subfield></datafield><datafield tag="974" ind1=" " ind2=" "><subfield code="a">agid:7359782</subfield></datafield><datafield tag="983" ind1=" " ind2=" "><subfield code="a">2021-04-30</subfield></datafield><datafield tag="984" ind1=" " ind2=" "><subfield code="a">2021-06-18</subfield></datafield></record>