<record><leader>03788nab a2200577 u 4500</leader><controlfield tag="001">9916111993207426</controlfield><controlfield tag="005">20221120100000.0</controlfield><controlfield tag="008">220120e20220117xx |||||o|||||||||||eng||</controlfield><datafield tag="" ind1="7" ind2=" "><subfield code="a">IND607634362</subfield><subfield code="2">DNAL</subfield></datafield><datafield tag="024" ind1="7" ind2=" "><subfield code="a">10.3390/f13010133</subfield><subfield code="2">doi</subfield></datafield><datafield tag="035" ind1=" " ind2=" "><subfield code="a">agid:7634362-01nal_inst</subfield></datafield><datafield tag="040" ind1=" " ind2=" "><subfield code="a">AGL</subfield><subfield code="b">eng</subfield><subfield code="c">AGL</subfield></datafield><datafield tag="100" ind1="1" ind2=" "><subfield code="a">Lv, Ting </subfield><subfield code="e">author</subfield></datafield><datafield tag="245" ind1="1" ind2="0"><subfield code="a">Environmental Heterogeneity Affecting Community Assembly Patterns and Phylogenetic Diversity of Three Forest Communities at Mt. Huangshan, China</subfield></datafield><datafield tag="520" ind1=" " ind2=" "><subfield code="a">Studying community assembly has always been a central issue in ecological research and is necessary for understanding mechanisms of species coexistence and biodiversity. Environmental heterogeneity is a driver of biodiversity, but much remains to be learned about how evolutionary processes are affected by environmental factors. We aimed to clarify the evolutionary processes in different vegetation communities in the Huangshan Scenic Area, Anhui Province, China. We constructed a phylogenetic tree of these communities based on a constraint tree and three DNA barcode regions. Community I was characterized by a weakly overdispersed phylogenetic structure for all three plant groups. The structure of Community II showed clustered for total plants and shrubs, overdispersed for trees. However, the phylogenetic structure was clustered for total plants, overdispersed for trees and shrubs in Community III. The main drivers of these patterns were spatial and climatic factors. Phylogenetic α-diversity had a significant positive relationship with species richness. The values of phylogenetic β-diversity reached their maximum at intermediate elevations among three vegetation communities for total plants. The main factors that affected diversity patterns were spatial variables, not climatic factors, indicating that environmental heterogeneity determined the mechanisms of biodiversity and species coexistence in the community. Our results showed that deterministic processes may control community assembly in three different vegetation regions.</subfield></datafield><datafield tag="592" ind1=" " ind2=" "><subfield code="a">Publisher supplied data</subfield></datafield><datafield tag="593" ind1=" " ind2=" "><subfield code="a">PubAg article</subfield></datafield><datafield tag="650" ind1=" " ind2="3"><subfield code="a">DNA barcoding</subfield></datafield><datafield tag="650" ind1=" " ind2="3"><subfield code="a">forests</subfield></datafield><datafield tag="650" ind1=" " ind2="3"><subfield code="a">phylogeny</subfield></datafield><datafield tag="650" ind1=" " ind2="3"><subfield code="a">species richness</subfield></datafield><datafield tag="650" ind1=" " ind2="3"><subfield code="a">trees</subfield></datafield><datafield tag="651" ind1=" " ind2="3"><subfield code="a">China</subfield></datafield><datafield tag="700" ind1="1" ind2=" "><subfield code="a">Wang, Ningjie </subfield><subfield code="e">author</subfield></datafield><datafield tag="700" ind1="1" ind2=" "><subfield code="a">Xie, Lei </subfield><subfield code="e">author</subfield></datafield><datafield tag="700" ind1="1" ind2=" "><subfield code="a">Chen, Shuifei </subfield><subfield code="e">author</subfield></datafield><datafield tag="700" ind1="1" ind2=" "><subfield code="a">Zhao, Rong </subfield><subfield code="e">author</subfield></datafield><datafield tag="700" ind1="1" ind2=" "><subfield code="a">Feng, Yueyao </subfield><subfield code="e">author</subfield></datafield><datafield tag="700" ind1="1" ind2=" "><subfield code="a">Li, Yao </subfield><subfield code="e">author</subfield></datafield><datafield tag="700" ind1="1" ind2=" "><subfield code="a">Ding, Hui </subfield><subfield code="e">author</subfield></datafield><datafield tag="700" ind1="1" ind2=" "><subfield code="a">Fang, Yanming </subfield><subfield code="e">author</subfield><subfield code="u">Co-Innovation Center for Sustainable Forestry in Southern China, Key Laboratory of State Forestry and Grassland Administration on Subtropical Forest Biodiversity Conservation, College of Biology and the Environment, Nanjing Forestry University, Nanjing 210037, China</subfield></datafield><datafield tag="773" ind1="0" ind2=" "><subfield code="t">Forests.</subfield><subfield code="g">2022 Jan. 17, v. 13, no. 1</subfield><subfield code="d">Multidisciplinary Digital Publishing Institute</subfield><subfield code="w">Journal:2257</subfield><subfield code="x">1999-4907</subfield><subfield code="7">nnas</subfield></datafield><datafield tag="787" ind1="1" ind2=" "><subfield code="o">islandora_article_repository</subfield></datafield><datafield tag="787" ind1="1" ind2=" "><subfield code="o">product_pubag</subfield></datafield><datafield tag="787" ind1="1" ind2=" "><subfield code="o">(Journal)2257</subfield></datafield><datafield tag="856" ind1="4" ind2="0"><subfield code="u">https://dx.doi.org/10.3390/f13010133</subfield><subfield code="3">Available from publisher's site</subfield></datafield><datafield tag="912" ind1=" " ind2=" "><subfield code="a">Article</subfield></datafield><datafield tag="914" ind1=" " ind2=" "><subfield code="a">Journal:2257</subfield><subfield code="b">1999-4907</subfield><subfield code="c">13</subfield><subfield code="d">1</subfield></datafield><datafield tag="914" ind1=" " ind2=" "><subfield code="f">Forests</subfield></datafield><datafield tag="916" ind1=" " ind2=" "><subfield code="a">Batch:10228</subfield></datafield><datafield tag="917" ind1=" " ind2=" "><subfield code="a">issued</subfield></datafield><datafield tag="918" ind1="2" ind2=" "><subfield code="a">Multidisciplinary Digital Publishing Institute</subfield><subfield code="e">provider</subfield><subfield code="5">DNAL</subfield></datafield><datafield tag="935" ind1=" " ind2=" "><subfield code="a">IND607634362</subfield><subfield code="9">ExL</subfield></datafield><datafield tag="949" ind1=" " ind2=" "><subfield code="a">2022-02-23</subfield></datafield><datafield tag="952" ind1=" " ind2=" "><subfield code="d">NAL-AP-2-clean</subfield></datafield><datafield tag="953" ind1=" " ind2=" "><subfield code="a" >/data/metadata/incoming/mdpinstitute/forests-v13-i01-20220120.xml</subfield></datafield><datafield tag="954" ind1=" " ind2=" "><subfield code="a" >file:/data/metadata/staging/mdpinstitute/forests-v13-i01-20220120.xml</subfield></datafield><datafield tag="955" ind1=" " ind2=" "><subfield code="a">/data/metadata/staging/mdpinstitute/</subfield></datafield><datafield tag="974" ind1=" " ind2=" "><subfield code="a">agid:7634362</subfield></datafield><datafield tag="983" ind1=" " ind2=" "><subfield code="a">2022-01-20</subfield></datafield><datafield tag="984" ind1=" " ind2=" "><subfield code="a">2022-02-21</subfield></datafield></record>