<record><leader>03412nab a2200601 u 4500</leader><controlfield tag="001">9916112010507426</controlfield><controlfield tag="005">20221120115933.0</controlfield><controlfield tag="008">220120e20220113xx |||||o|||||||||||eng||</controlfield><datafield tag="" ind1="7" ind2=" "><subfield code="a">IND607634343</subfield><subfield code="2">DNAL</subfield></datafield><datafield tag="024" ind1="7" ind2=" "><subfield code="a">10.3390/f13010116</subfield><subfield code="2">doi</subfield></datafield><datafield tag="035" ind1=" " ind2=" "><subfield code="a">agid:7634343-01nal_inst</subfield></datafield><datafield tag="040" ind1=" " ind2=" "><subfield code="a">AGL</subfield><subfield code="b">eng</subfield><subfield code="c">AGL</subfield></datafield><datafield tag="100" ind1="1" ind2=" "><subfield code="a">Kaewsong, Kanokporn </subfield><subfield code="e">author</subfield><subfield code="u">College of Environmental Studies, National Dong Hwa University, Shoufeng, Hualien 97401, Taiwan</subfield></datafield><datafield tag="245" ind1="1" ind2="0"><subfield code="a">Fire Impacts on Recruitment Dynamics in a Seasonal Tropical Forest in Continental Southeast Asia</subfield></datafield><datafield tag="520" ind1=" " ind2=" "><subfield code="a">The effects of forest fires on tree recruitment dynamics in tropical forests is important for predicting forest dynamics and ecosystem function in Southeast Asia. To our knowledge, no studies have examined the effects of fire intensity on community-level recruitment patterns in tropical forests due to the rarity of long-term observation datasets in fire-impacted tropical forests and the difficulty of quantifying fire intensity. We addressed two questions: (1) is tree recruitment among species affected by fire intensity? and if so, (2) are there specific plant functional traits associated with these responses? We used data from a long-term forest dynamics plot at the Huai Kha Khaeng (HKK) Wildlife Sanctuary in Thailand. The HKK plot occurs in a strongly seasonal tropical environment and has experienced several fires since its establishment in 1994. We found 46 tree species (52% of the 89 species analysed) showed evidence of reduced recruitment rates with increasing fire intensities during the most recent fire in 2005. Tree species in this flammable landscape have various leaf and wood functional traits associated with fire. Spatial and temporal variability in fire activity may lead to alterations in long-term taxonomic and functional composition of the forest due to selection on fire-related traits.</subfield></datafield><datafield tag="592" ind1=" " ind2=" "><subfield code="a">Publisher supplied data</subfield></datafield><datafield tag="593" ind1=" " ind2=" "><subfield code="a">PubAg article</subfield></datafield><datafield tag="650" ind1=" " ind2="3"><subfield code="a">conservation areas</subfield></datafield><datafield tag="650" ind1=" " ind2="3"><subfield code="a">data collection</subfield></datafield><datafield tag="650" ind1=" " ind2="3"><subfield code="a">ecological function</subfield></datafield><datafield tag="650" ind1=" " ind2="3"><subfield code="a">fire intensity</subfield></datafield><datafield tag="650" ind1=" " ind2="3"><subfield code="a">forest dynamics</subfield></datafield><datafield tag="650" ind1=" " ind2="3"><subfield code="a">landscapes</subfield></datafield><datafield tag="650" ind1=" " ind2="3"><subfield code="a">leaves</subfield></datafield><datafield tag="650" ind1=" " ind2="3"><subfield code="a">species recruitment</subfield></datafield><datafield tag="650" ind1=" " ind2="3"><subfield code="a">temporal variation</subfield></datafield><datafield tag="650" ind1=" " ind2="3"><subfield code="a">trees</subfield></datafield><datafield tag="650" ind1=" " ind2="3"><subfield code="a">tropical forests</subfield></datafield><datafield tag="650" ind1=" " ind2="3"><subfield code="a">tropics</subfield></datafield><datafield tag="651" ind1=" " ind2="3"><subfield code="a">Thailand</subfield></datafield><datafield tag="700" ind1="1" ind2=" "><subfield code="a">Johnson, Daniel J.</subfield><subfield code="e">author</subfield></datafield><datafield tag="700" ind1="1" ind2=" "><subfield code="a">Bunyavejchewin, Sarayudh </subfield><subfield code="e">author</subfield></datafield><datafield tag="700" ind1="1" ind2=" "><subfield code="a">Baker, Patrick J.</subfield><subfield code="e">author</subfield></datafield><datafield tag="773" ind1="0" ind2=" "><subfield code="t">Forests.</subfield><subfield code="g">2022 Jan. 13, v. 13, no. 1</subfield><subfield code="d">Multidisciplinary Digital Publishing Institute</subfield><subfield code="w">Journal:2257</subfield><subfield code="x">1999-4907</subfield><subfield code="7">nnas</subfield></datafield><datafield tag="787" ind1="1" ind2=" "><subfield code="o">islandora_article_repository</subfield></datafield><datafield tag="787" ind1="1" ind2=" "><subfield code="o">product_pubag</subfield></datafield><datafield tag="787" ind1="1" ind2=" "><subfield code="o">(Journal)2257</subfield></datafield><datafield tag="856" ind1="4" ind2="0"><subfield code="u">https://dx.doi.org/10.3390/f13010116</subfield><subfield code="3">Available from publisher's site</subfield></datafield><datafield tag="912" ind1=" " ind2=" "><subfield code="a">Article</subfield></datafield><datafield tag="914" ind1=" " ind2=" "><subfield code="a">Journal:2257</subfield><subfield code="b">1999-4907</subfield><subfield code="c">13</subfield><subfield code="d">1</subfield></datafield><datafield tag="914" ind1=" " ind2=" "><subfield code="f">Forests</subfield></datafield><datafield tag="916" ind1=" " ind2=" "><subfield code="a">Batch:10228</subfield></datafield><datafield tag="917" ind1=" " ind2=" "><subfield code="a">issued</subfield></datafield><datafield tag="918" ind1="2" ind2=" "><subfield code="a">Multidisciplinary Digital Publishing Institute</subfield><subfield code="e">provider</subfield><subfield code="5">DNAL</subfield></datafield><datafield tag="935" ind1=" " ind2=" "><subfield code="a">IND607634343</subfield><subfield code="9">ExL</subfield></datafield><datafield tag="949" ind1=" " ind2=" "><subfield code="a">2022-02-23</subfield></datafield><datafield tag="952" ind1=" " ind2=" "><subfield code="d">NAL-AP-2-clean</subfield></datafield><datafield tag="953" ind1=" " ind2=" "><subfield code="a" >/data/metadata/incoming/mdpinstitute/forests-v13-i01-20220120.xml</subfield></datafield><datafield tag="954" ind1=" " ind2=" "><subfield code="a" >file:/data/metadata/staging/mdpinstitute/forests-v13-i01-20220120.xml</subfield></datafield><datafield tag="955" ind1=" " ind2=" "><subfield code="a">/data/metadata/staging/mdpinstitute/</subfield></datafield><datafield tag="974" ind1=" " ind2=" "><subfield code="a">agid:7634343</subfield></datafield><datafield tag="983" ind1=" " ind2=" "><subfield code="a">2022-01-20</subfield></datafield><datafield tag="984" ind1=" " ind2=" "><subfield code="a">2022-02-21</subfield></datafield></record>