<record><leader>04100nab a2200673 u 4500</leader><controlfield tag="001">9916112075807426</controlfield><controlfield tag="005">20221120181136.0</controlfield><controlfield tag="008">220120e20211221xx |||||o|||||||||||eng||</controlfield><datafield tag="" ind1="7" ind2=" "><subfield code="a">IND607634372</subfield><subfield code="2">DNAL</subfield></datafield><datafield tag="024" ind1="7" ind2=" "><subfield code="a">10.3390/f13010002</subfield><subfield code="2">doi</subfield></datafield><datafield tag="035" ind1=" " ind2=" "><subfield code="a">agid:7634372-01nal_inst</subfield></datafield><datafield tag="040" ind1=" " ind2=" "><subfield code="a">AGL</subfield><subfield code="b">eng</subfield><subfield code="c">AGL</subfield></datafield><datafield tag="100" ind1="1" ind2=" "><subfield code="a">Zhumadina, Sholpan </subfield><subfield code="e">author</subfield></datafield><datafield tag="245" ind1="1" ind2="0"><subfield code="a">Environmental Dynamics of the Ribbon-Like Pine Forests in the Parklands of North Kazakhstan</subfield></datafield><datafield tag="520" ind1=" " ind2=" "><subfield code="a">The ribbon-like pine forests of North Kazakhstan represent the principal territorial intrazonal and azonal biotopes. Integrated bio-geographic studies of the pine forests’ status were performed in the Beskaragai and Chaldai Nature Reserves in the Pri-Irtysh River basin within, at present, the climate–change most susceptible transitional parkland-steppe zone of Central Asia, adjoining the West Siberian Lowland. The investigations followed the regional topographic gradient with a series of mapped sites characterizing the spatial relief patterns of the pristine forest distribution and the associated phytocenoses. The results revealed marked natural arboreal cover restoration differences between the geographically close upland and lowland forest ecosystems. The regional tree growth dynamics show the varying intensity of the pine seedlings’ succession, the tree stands’ biomass productivity and the environmental stability, weakened by the extreme continentality and progressing aridification along with adverse anthropogenic ecological impacts. The specific geomorphic, soil and hydrological conditions are the principal determining factors. The more vital plain and lowland pine forests host the floristically richer fescue-dominated communities compared to the more fragile and precipitation-poorer upland pine settings. The latter forest ecosystems display a higher vulnerability to the current climate change, generating tree drying, forest fires, and to modern human activities such as logging, herding and recreation. The research conclusions provide new insights on the natural ribbon-like pine forests’ sustainability and adaptation to the ongoing continental warming triggering fundamental environmental transformations in Central Asia’s parklands.</subfield></datafield><datafield tag="592" ind1=" " ind2=" "><subfield code="a">Publisher supplied data</subfield></datafield><datafield tag="593" ind1=" " ind2=" "><subfield code="a">PubAg article</subfield></datafield><datafield tag="650" ind1=" " ind2="3"><subfield code="a">biomass production</subfield></datafield><datafield tag="650" ind1=" " ind2="3"><subfield code="a">biotopes</subfield></datafield><datafield tag="650" ind1=" " ind2="3"><subfield code="a">climate change</subfield></datafield><datafield tag="650" ind1=" " ind2="3"><subfield code="a">highlands</subfield></datafield><datafield tag="650" ind1=" " ind2="3"><subfield code="a">humans</subfield></datafield><datafield tag="650" ind1=" " ind2="3"><subfield code="a">hydrology</subfield></datafield><datafield tag="650" ind1=" " ind2="3"><subfield code="a">lowland forests</subfield></datafield><datafield tag="650" ind1=" " ind2="3"><subfield code="a">recreation</subfield></datafield><datafield tag="650" ind1=" " ind2="3"><subfield code="a">soil</subfield></datafield><datafield tag="650" ind1=" " ind2="3"><subfield code="a">topography</subfield></datafield><datafield tag="650" ind1=" " ind2="3"><subfield code="a">tree growth</subfield></datafield><datafield tag="650" ind1=" " ind2="3"><subfield code="a">trees</subfield></datafield><datafield tag="650" ind1=" " ind2="3"><subfield code="a">watersheds</subfield></datafield><datafield tag="651" ind1=" " ind2="3"><subfield code="a">Kazakhstan</subfield></datafield><datafield tag="700" ind1="1" ind2=" "><subfield code="a">Chlachula, Jiri </subfield><subfield code="e">author</subfield><subfield code="u">Institute of Geoecology and Geoinformation, Adam Mickiewicz University, 61-680 Poznan, Poland</subfield></datafield><datafield tag="700" ind1="1" ind2=" "><subfield code="a">Zhaglovskaya-Faurat, Alina </subfield><subfield code="e">author</subfield></datafield><datafield tag="700" ind1="1" ind2=" "><subfield code="a">Czerniawska, Jolanta </subfield><subfield code="e">author</subfield></datafield><datafield tag="700" ind1="1" ind2=" "><subfield code="a">Satybaldieva, Gulmira </subfield><subfield code="e">author</subfield></datafield><datafield tag="700" ind1="1" ind2=" "><subfield code="a">Nurbayeva, Nailya </subfield><subfield code="e">author</subfield></datafield><datafield tag="700" ind1="1" ind2=" "><subfield code="a">Mapitov, Nariman </subfield><subfield code="e">author</subfield></datafield><datafield tag="700" ind1="1" ind2=" "><subfield code="a">Myrzagaliyeva, Anar </subfield><subfield code="e">author</subfield></datafield><datafield tag="700" ind1="1" ind2=" "><subfield code="a">Boribay, Elmira </subfield><subfield code="e">author</subfield></datafield><datafield tag="773" ind1="0" ind2=" "><subfield code="t">Forests.</subfield><subfield code="g">2021 Dec. 21, v. 13, no. 1</subfield><subfield code="d">Multidisciplinary Digital Publishing Institute</subfield><subfield code="w">Journal:2257</subfield><subfield code="x">1999-4907</subfield><subfield code="7">nnas</subfield></datafield><datafield tag="787" ind1="1" ind2=" "><subfield code="o">islandora_article_repository</subfield></datafield><datafield tag="787" ind1="1" ind2=" "><subfield code="o">product_pubag</subfield></datafield><datafield tag="787" ind1="1" ind2=" "><subfield code="o">(Journal)2257</subfield></datafield><datafield tag="856" ind1="4" ind2="0"><subfield code="u">https://dx.doi.org/10.3390/f13010002</subfield><subfield code="3">Available from publisher's site</subfield></datafield><datafield tag="912" ind1=" " ind2=" "><subfield code="a">Article</subfield></datafield><datafield tag="914" ind1=" " ind2=" "><subfield code="a">Journal:2257</subfield><subfield code="b">1999-4907</subfield><subfield code="c">13</subfield><subfield code="d">1</subfield></datafield><datafield tag="914" ind1=" " ind2=" "><subfield code="f">Forests</subfield></datafield><datafield tag="916" ind1=" " ind2=" "><subfield code="a">Batch:10228</subfield></datafield><datafield tag="917" ind1=" " ind2=" "><subfield code="a">issued</subfield></datafield><datafield tag="918" ind1="2" ind2=" "><subfield code="a">Multidisciplinary Digital Publishing Institute</subfield><subfield code="e">provider</subfield><subfield code="5">DNAL</subfield></datafield><datafield tag="935" ind1=" " ind2=" "><subfield code="a">IND607634372</subfield><subfield code="9">ExL</subfield></datafield><datafield tag="949" ind1=" " ind2=" "><subfield code="a">2022-02-23</subfield></datafield><datafield tag="952" ind1=" " ind2=" "><subfield code="d">NAL-AP-2-clean</subfield></datafield><datafield tag="953" ind1=" " ind2=" "><subfield code="a" >/data/metadata/incoming/mdpinstitute/forests-v13-i01-20220120.xml</subfield></datafield><datafield tag="954" ind1=" " ind2=" "><subfield code="a" >file:/data/metadata/staging/mdpinstitute/forests-v13-i01-20220120.xml</subfield></datafield><datafield tag="955" ind1=" " ind2=" "><subfield code="a">/data/metadata/staging/mdpinstitute/</subfield></datafield><datafield tag="974" ind1=" " ind2=" "><subfield code="a">agid:7634372</subfield></datafield><datafield tag="983" ind1=" " ind2=" "><subfield code="a">2022-01-20</subfield></datafield><datafield tag="984" ind1=" " ind2=" "><subfield code="a">2022-02-21</subfield></datafield></record>