<record><leader>04332nab a2200697 u 4500</leader><controlfield tag="001">9916112305607426</controlfield><controlfield tag="005">20221123031054.0</controlfield><controlfield tag="008">210908e20210703xx |||||o|||||||||||eng||</controlfield><datafield tag="" ind1="7" ind2=" "><subfield code="a">IND607499203</subfield><subfield code="2">DNAL</subfield></datafield><datafield tag="024" ind1="7" ind2=" "><subfield code="a">10.1080/21459.2020.1860769</subfield><subfield code="2">chorus</subfield></datafield><datafield tag="024" ind1="7" ind2=" "><subfield code="a">10.1080/21459.2020.1860769</subfield><subfield code="2">doi</subfield></datafield><datafield tag="035" ind1=" " ind2=" "><subfield code="a">agid:7499203-01nal_inst</subfield></datafield><datafield tag="040" ind1=" " ind2=" "><subfield code="a">AGL</subfield><subfield code="b">eng</subfield><subfield code="c">AGL</subfield></datafield><datafield tag="100" ind1="1" ind2=" "><subfield code="a">Khan, Md Kamrul Hasan</subfield><subfield code="e">author</subfield><subfield code="u">Department of Mathematical Sciences, University of Arkansas, Fayetteville, AR, ;</subfield></datafield><datafield tag="245" ind1="1" ind2="0"><subfield code="a">Constrained Functional Regression of National Forest Inventory Data Over Time Using Remote Sensing Observations</subfield></datafield><datafield tag="300" ind1=" " ind2=" "><subfield code="a">p. 1168-1180.</subfield></datafield><datafield tag="520" ind1=" " ind2=" "><subfield code="a">The USDA Forest Service uses satellite imagery, along with a sample of national forest inventory field plots, to monitor and predict changes in forest conditions over time throughout the United States. We specifically focus on a 230,400 ha region in north-central Wisconsin between 2003 and 2012. The auxiliary data from the satellite imagery of this region are relatively dense in space and time, and can be used to learn how forest conditions changed over that decade. However, these records have a significant proportion of missing values due to weather conditions and system failures that we fill in first using a spatiotemporal model. Subsequently, we use the complete imagery as functional predictors in a two-component mixture model to capture the spatial variation in yearly average live tree basal area, an attribute of interest measured on field plots. We further modify the regression equation to accommodate a biophysical constraint on how plot-level live tree basal area can change from one year to the next. Findings from our analysis, represented with a series of maps, match known spatial patterns across the landscape. Supplementary materials for this article, including a standardized description of the materials available for reproducing the work, are available as an online supplement.</subfield></datafield><datafield tag="536" ind1=" " ind2=" "><subfield code="a">This work was supported by the USDA Forest Service Northern Research Station (15-JV-11242305-104). Md Kamrul Hasan Khan gratefully acknowledges utilization of computational resources from the Arkansas High Performance Computing Center which is funded through multiple National Science Foundation grants and the Arkansas Economic Development Commission.</subfield></datafield><datafield tag="592" ind1=" " ind2=" "><subfield code="a">Publisher supplied data</subfield></datafield><datafield tag="593" ind1=" " ind2=" "><subfield code="a">PubAg article</subfield></datafield><datafield tag="650" ind1=" " ind2="3"><subfield code="a">USDA Forest Service</subfield></datafield><datafield tag="650" ind1=" " ind2="3"><subfield code="a">equations</subfield></datafield><datafield tag="650" ind1=" " ind2="3"><subfield code="a">forest inventory</subfield></datafield><datafield tag="650" ind1=" " ind2="3"><subfield code="a">forests</subfield></datafield><datafield tag="650" ind1=" " ind2="3"><subfield code="a">landscapes</subfield></datafield><datafield tag="650" ind1=" " ind2="3"><subfield code="a">models</subfield></datafield><datafield tag="650" ind1=" " ind2="3"><subfield code="a">national forests</subfield></datafield><datafield tag="650" ind1=" " ind2="3"><subfield code="a">remote sensing</subfield></datafield><datafield tag="650" ind1=" " ind2="3"><subfield code="a">space and time</subfield></datafield><datafield tag="650" ind1=" " ind2="3"><subfield code="a">trees</subfield></datafield><datafield tag="651" ind1=" " ind2="3"><subfield code="a">Wisconsin</subfield></datafield><datafield tag="653" ind1=" " ind2="0"><subfield code="a">Binary regression</subfield></datafield><datafield tag="653" ind1=" " ind2="0"><subfield code="a">Functional predictors</subfield></datafield><datafield tag="653" ind1=" " ind2="0"><subfield code="a">Landsat time series</subfield></datafield><datafield tag="653" ind1=" " ind2="0"><subfield code="a">Live tree basal area</subfield></datafield><datafield tag="653" ind1=" " ind2="0"><subfield code="a">Spatiotemporal model</subfield></datafield><datafield tag="700" ind1="1" ind2=" "><subfield code="a">Chakraborty, Avishek</subfield><subfield code="e">author</subfield><subfield code="u">Department of Mathematical Sciences, University of Arkansas, Fayetteville, AR, ;</subfield></datafield><datafield tag="700" ind1="1" ind2=" "><subfield code="a">Petris, Giovanni</subfield><subfield code="e">author</subfield><subfield code="u">Department of Mathematical Sciences, University of Arkansas, Fayetteville, AR, ;</subfield></datafield><datafield tag="700" ind1="1" ind2=" "><subfield code="a">Wilson, Barry T.</subfield><subfield code="e">author</subfield><subfield code="u">Northern Research Station, USDA Forest Service, St Paul, MN</subfield></datafield><datafield tag="773" ind1="0" ind2=" "><subfield code="t">Journal of the American Statistical Association.</subfield><subfield code="g">2021 July 3, v. 116, no. 535 p.1168-1180</subfield><subfield code="d">Taylor &amp; Francis</subfield><subfield code="w">Journal:19699</subfield><subfield code="x">1537-274X</subfield><subfield code="7">nnas</subfield></datafield><datafield tag="787" ind1="1" ind2=" "><subfield code="o">islandora_article_repository</subfield></datafield><datafield tag="787" ind1="1" ind2=" "><subfield code="o">product_pubag</subfield></datafield><datafield tag="787" ind1="1" ind2=" "><subfield code="o">(Journal)19699</subfield></datafield><datafield tag="856" ind1="4" ind2="0"><subfield code="u">https://dx.doi.org/10.1080/21459.2020.1860769</subfield><subfield code="3">Available from publisher's site</subfield></datafield><datafield tag="912" ind1=" " ind2=" "><subfield code="a">Article</subfield></datafield><datafield tag="914" ind1=" " ind2=" "><subfield code="a">Journal:19699</subfield><subfield code="b">1537-274X</subfield><subfield code="c">116</subfield><subfield code="d">535</subfield><subfield code="e">1168</subfield></datafield><datafield tag="914" ind1=" " ind2=" "><subfield code="f">Journal of the American Statistical Association</subfield></datafield><datafield tag="916" ind1=" " ind2=" "><subfield code="a">Batch:10198</subfield></datafield><datafield tag="917" ind1=" " ind2=" "><subfield code="a">issued</subfield></datafield><datafield tag="918" ind1="2" ind2=" "><subfield code="a">Taylor &amp; Francis Group</subfield><subfield code="e">provider</subfield><subfield code="5">DNAL</subfield></datafield><datafield tag="935" ind1=" " ind2=" "><subfield code="a">IND607499203</subfield><subfield code="9">ExL</subfield></datafield><datafield tag="949" ind1=" " ind2=" "><subfield code="a">2022-02-22</subfield></datafield><datafield tag="952" ind1=" " ind2=" "><subfield code="d">NAL-AP-2-clean</subfield></datafield><datafield tag="953" ind1=" " ind2=" "><subfield code="a" >/data/metadata/incoming/taylorfrancis/uasa20_uasa20.v116.i535_20210908044853#26107512.zip</subfield></datafield><datafield tag="954" ind1=" " ind2=" "><subfield code="a" >file:/data/metadata/staging/taylorfrancis/21459.2020.1860769.xml</subfield></datafield><datafield tag="955" ind1=" " ind2=" "><subfield code="a">/data/metadata/staging/taylorfrancis/</subfield></datafield><datafield tag="961" ind1=" " ind2=" "><subfield code="a">USDA/FS</subfield></datafield><datafield tag="962" ind1=" " ind2=" "><subfield code="a">Missing ISSN</subfield></datafield><datafield tag="974" ind1=" " ind2=" "><subfield code="a">agid:7499203</subfield></datafield><datafield tag="983" ind1=" " ind2=" "><subfield code="a">2021-09-08</subfield></datafield><datafield tag="984" ind1=" " ind2=" "><subfield code="a">2022-09-06</subfield></datafield></record>