<record><leader>05316nab a2200661 u 4500</leader><controlfield tag="001">9916112378907426</controlfield><controlfield tag="005">20221120063030.0</controlfield><controlfield tag="008">190702e201907 xx |||||o|||||||||||eng||</controlfield><datafield tag="" ind1="7" ind2=" "><subfield code="a">IND606490749</subfield><subfield code="2">DNAL</subfield></datafield><datafield tag="024" ind1="7" ind2=" "><subfield code="a">10.1111/jvs.12737</subfield><subfield code="2">doi</subfield></datafield><datafield tag="035" ind1=" " ind2=" "><subfield code="a">agid:6490749-01nal_inst</subfield></datafield><datafield tag="040" ind1=" " ind2=" "><subfield code="a">AGL</subfield><subfield code="b">eng</subfield><subfield code="c">AGL</subfield></datafield><datafield tag="100" ind1="1" ind2=" "><subfield code="a">Wang, Qinggang</subfield><subfield code="e">author</subfield><subfield code="u">Department of Ecology and Ecological Engineering, College of Resources and Environmental Sciences, Key Laboratory of Biodiversity and Organic Farming of Beijing City, China Agricultural University, Beijing, China</subfield><subfield code="1">https://orcid.org/0000-0002-3975-1560</subfield></datafield><datafield tag="245" ind1="1" ind2="0"><subfield code="a">Analysing tree–neighbourhood interactions in ecotones of montane evergreen and deciduous forests in China</subfield></datafield><datafield tag="300" ind1=" " ind2=" "><subfield code="a">p. 654-663.</subfield></datafield><datafield tag="500" ind1=" " ind2=" "><subfield code="a">JOURNAL ARTICLE</subfield></datafield><datafield tag="520" ind1=" " ind2=" "><subfield code="a">QUESTIONS: Do neighbourhood interactions in trees result in discernible spatial and phylogenetic signals among their nearest neighbours in a montane evergreen and deciduous forest? Are neighbourhood patterns of different species associated with their abundances and traits? LOCATION: Badagongshan National Nature Reserve, Hunan, China. METHODS: We used four nearest‐neighbour indices: average spatial distance to the nearest conspecific cohort‐mate (SNCC), average spatial distance to the nearest conspecific adult (SNCA), average phylogenetic distance to the nearest heterospecific cohort‐mate (PNHC), and average phylogenetic distance to the nearest heterospecific adult (PNHA). We focused on 77 abundant species in a 25‐ha plot. We evaluated whether the changes in SNCC, PNHC, SNCA and PNHA deviated significantly from expected values of spatially random mortality during two life stage transitions. RESULTS: For more than one‐fourth of the tested species, the changes in SNCC and PNHC deviated significantly from the expectations of random mortality. Nearly one‐third of the tested species showed greater SNCC at the juvenile stage than expected of random mortality, which may be mainly explained by conspecific tree competition for space and resources. Approximately 60% and 40% of the tested species showed significantly smaller SNCA and PNHA than expected by random mortality, respectively, which suggests the effects of facilitation and habitat filtering. In addition, abundant and taller species were suppressed by conspecific cohorts to a greater degree than locally rarer and shorter species. Deciduous species were more negatively influenced by conspecifics and closely related heterospecifics than evergreen species. CONCLUSIONS: Our study focused on long‐term responses of individual species to their conspecific and phylogenetic neighbourhoods and revealed the associations between species traits and neighbourhood patterns. Such trait–neighbourhood interactions provide support for stabilizing mechanisms driving species coexistence in this species‐rich subtropical forest.</subfield></datafield><datafield tag="592" ind1=" " ind2=" "><subfield code="a">Publisher supplied data</subfield></datafield><datafield tag="593" ind1=" " ind2=" "><subfield code="a">PubAg article</subfield></datafield><datafield tag="596" ind1=" " ind2=" "><subfield code="a">31500337</subfield><subfield code="c">National Natural Science Foundation of China</subfield></datafield><datafield tag="596" ind1=" " ind2=" "><subfield code="a">2M591008</subfield><subfield code="c">China Postdoctoral Science Foundation</subfield></datafield><datafield tag="596" ind1=" " ind2=" "><subfield code="a">15058102</subfield><subfield code="c">Research Start‐up Foundation for Young Scholars – China Agricultural University</subfield></datafield><datafield tag="596" ind1=" " ind2=" "><subfield code="a">2017002</subfield><subfield code="c">Biodiversity Conservation Special of the Ministry of Environmental Protection of China</subfield></datafield><datafield tag="650" ind1=" " ind2="3"><subfield code="a">adults</subfield></datafield><datafield tag="650" ind1=" " ind2="3"><subfield code="a">conservation areas</subfield></datafield><datafield tag="650" ind1=" " ind2="3"><subfield code="a">deciduous forests</subfield></datafield><datafield tag="650" ind1=" " ind2="3"><subfield code="a">ecotones</subfield></datafield><datafield tag="650" ind1=" " ind2="3"><subfield code="a">evergreen trees</subfield></datafield><datafield tag="650" ind1=" " ind2="3"><subfield code="a">genetic distance</subfield></datafield><datafield tag="650" ind1=" " ind2="3"><subfield code="a">habitats</subfield></datafield><datafield tag="650" ind1=" " ind2="3"><subfield code="a">juveniles</subfield></datafield><datafield tag="650" ind1=" " ind2="3"><subfield code="a">mortality</subfield></datafield><datafield tag="650" ind1=" " ind2="3"><subfield code="a">phylogeny</subfield></datafield><datafield tag="650" ind1=" " ind2="3"><subfield code="a">tropical forests</subfield></datafield><datafield tag="651" ind1=" " ind2="3"><subfield code="a">China</subfield></datafield><datafield tag="700" ind1="1" ind2=" "><subfield code="a">Chi, Xiulian</subfield><subfield code="e">author</subfield><subfield code="u">National Resource Center for Chinese Materia Medica, State Key Laboratory Breeding Base of Dao‐di Herbs, China Academy of Chinese Medical Sciences, Beijing, China</subfield></datafield><datafield tag="700" ind1="1" ind2=" "><subfield code="a">Tang, Zhiyao</subfield><subfield code="e">author</subfield><subfield code="u">Department of Ecology, College of Urban and Environmental Sciences, Key Laboratory of Earth Surface Processes of Ministry of Education, Peking University, Beijing, China</subfield></datafield><datafield tag="700" ind1="1" ind2=" "><subfield code="a">Jiang, Mingxi</subfield><subfield code="e">author</subfield><subfield code="u">Key Laboratory of Aquatic Botany and Watershed Ecology of Chinese Academy of Sciences, Wuhan Botanical Garden, Chinese Academy of Sciences, Wuhan, China</subfield><subfield code="1">https://orcid.org/0000-0002-9719-3093</subfield></datafield><datafield tag="773" ind1="0" ind2=" "><subfield code="t">Journal of vegetation science.</subfield><subfield code="g">2019 July, v. 30, no. 4 p.654-663</subfield><subfield code="d">John Wiley &amp; Sons, Ltd</subfield><subfield code="w">Journal:jnl46820</subfield><subfield code="x">1100-9233</subfield><subfield code="7">nnas</subfield></datafield><datafield tag="787" ind1="1" ind2=" "><subfield code="o">islandora_article_repository</subfield></datafield><datafield tag="787" ind1="1" ind2=" "><subfield code="o">product_pubag</subfield></datafield><datafield tag="787" ind1="1" ind2=" "><subfield code="o">(Journal)jnl46820</subfield></datafield><datafield tag="856" ind1="4" ind2="0"><subfield code="u">http://dx.doi.org/10.1111/jvs.12737</subfield><subfield code="3">Available from publisher's site</subfield></datafield><datafield tag="912" ind1=" " ind2=" "><subfield code="a">Article</subfield></datafield><datafield tag="914" ind1=" " ind2=" "><subfield code="a">Journal:jnl46820</subfield><subfield code="b">1100-9233</subfield><subfield code="c">30</subfield><subfield code="d">4</subfield><subfield code="e">654</subfield></datafield><datafield tag="914" ind1=" " ind2=" "><subfield code="f">Journal of vegetation science</subfield></datafield><datafield tag="916" ind1=" " ind2=" "><subfield code="a">Batch:2293</subfield></datafield><datafield tag="917" ind1=" " ind2=" "><subfield code="a">issued</subfield></datafield><datafield tag="918" ind1="2" ind2=" "><subfield code="a">John Wiley &amp; Sons, Inc</subfield><subfield code="e">provider</subfield><subfield code="5">DNAL</subfield></datafield><datafield tag="935" ind1=" " ind2=" "><subfield code="a">IND606490749</subfield><subfield code="9">ExL</subfield></datafield><datafield tag="949" ind1=" " ind2=" "><subfield code="a">2019-09-04</subfield></datafield><datafield tag="953" ind1=" " ind2=" "><subfield code="a">/data/metadata/incoming/wiley/11009233_2019_30_4.xml</subfield></datafield><datafield tag="954" ind1=" " ind2=" "><subfield code="a">file:/data/metadata/staging/wiley/11009233_2019_30_4.xml</subfield></datafield><datafield tag="955" ind1=" " ind2=" "><subfield code="a">/data/metadata/staging/wiley/</subfield></datafield><datafield tag="962" ind1=" " ind2=" "><subfield code="a">Batch:2293 reviewed on 2019-09-04T14:00:03Z</subfield></datafield><datafield tag="974" ind1=" " ind2=" "><subfield code="a">agid:6490749</subfield></datafield><datafield tag="983" ind1=" " ind2=" "><subfield code="a">2019-07-02</subfield></datafield><datafield tag="984" ind1=" " ind2=" "><subfield code="a">2019-09-04</subfield></datafield></record>