<record><leader>05167nab a2200721 u 4500</leader><controlfield tag="001">9916112425607426</controlfield><controlfield tag="005">20221120110306.0</controlfield><controlfield tag="008">221004e202211 xx |||||o|||||||||||eng||</controlfield><datafield tag="" ind1="7" ind2=" "><subfield code="a">IND607932544</subfield><subfield code="2">DNAL</subfield></datafield><datafield tag="024" ind1="7" ind2=" "><subfield code="a">10.1/j.ecolind.2022.109437</subfield><subfield code="2">doi</subfield></datafield><datafield tag="035" ind1=" " ind2=" "><subfield code="a">agid:7932544-01nal_inst</subfield></datafield><datafield tag="040" ind1=" " ind2=" "><subfield code="a">AGL</subfield><subfield code="b">eng</subfield><subfield code="c">AGL</subfield></datafield><datafield tag="100" ind1="1" ind2=" "><subfield code="a">Hao, Zezhou</subfield><subfield code="e">author</subfield><subfield code="u">Research Institute of Tropical Forestry, Chinese Academy of Forestry, Guangzhou 510520, China</subfield></datafield><datafield tag="245" ind1="1" ind2="0"><subfield code="a">Assessing the effect of human activities on biophony in urban forests using an automated acoustic scene classification model</subfield></datafield><datafield tag="506" ind1=" " ind2=" "><subfield code="a">Creative Commons Attribution 4.0 Generic (CC BY-NC-ND 4.0)</subfield><subfield code="u">http://creativecommons.org/licenses/by-nc-nd/4.0/</subfield><subfield code="f">Unrestricted online access</subfield><subfield code="2">star</subfield></datafield><datafield tag="506" ind1=" " ind2=" "><subfield code="a">Resource is Open Access</subfield><subfield code="u">http://purl.org/eprint/accessRights/OpenAccess</subfield><subfield code="f">Unrestricted online access</subfield><subfield code="2">star</subfield></datafield><datafield tag="520" ind1=" " ind2=" "><subfield code="a">Monitoring biodiversity and assessing the impact of human activities using acoustics is a promising area in the field of urban ecology. Previous studies on urban biodiversity using acoustics are often limited by data continuity and survey scope, making it difficult to answer questions about relationships between bird population dynamics and environmental factors. To some extent, big data methods such as continuous acoustic monitoring have bridged this gap and provided new research paths to address the problem. In this study, we proposed a machine learning (ML) method that uses convolutional neural networks (CNN) and target sound area ratios (TSAR) to quantify the dominance of seven types of acoustic scenes. Acoustic data was recorded at nine sites in three urban forests in Guangzhou, China. Using the site-related sound data, we trained the convolutional neural network and identified seven target soundscape components with an overall F1 score of 0.97, a precision of 0.96, and a recall of 0.97. Spatial patterns of acoustic scenes in urban forests were examined to understand the effective working radius of monitoring equipment and the impacts of differing land use types on the composition of soundscapes. This study indicates significant interactions between human activities and biodiversity using acoustics, demonstrates that vocal organisms respond to environmental changes primarily by changes in their vocal frequencies, and proposes a novel framework for utilizing acoustics to monitor urban biodiversity. Going forth, these analyses help to promote the conservation of biodiversity and the sustainability of urban development.</subfield></datafield><datafield tag="592" ind1=" " ind2=" "><subfield code="a">Publisher supplied data</subfield></datafield><datafield tag="593" ind1=" " ind2=" "><subfield code="a">PubAg article</subfield></datafield><datafield tag="650" ind1=" " ind2="3"><subfield code="a">acoustics</subfield></datafield><datafield tag="650" ind1=" " ind2="3"><subfield code="a">automation</subfield></datafield><datafield tag="650" ind1=" " ind2="3"><subfield code="a">biodiversity</subfield></datafield><datafield tag="650" ind1=" " ind2="3"><subfield code="a">birds</subfield></datafield><datafield tag="650" ind1=" " ind2="3"><subfield code="a">equipment</subfield></datafield><datafield tag="650" ind1=" " ind2="3"><subfield code="a">humans</subfield></datafield><datafield tag="650" ind1=" " ind2="3"><subfield code="a">land use</subfield></datafield><datafield tag="650" ind1=" " ind2="3"><subfield code="a">neural networks</subfield></datafield><datafield tag="650" ind1=" " ind2="3"><subfield code="a">population dynamics</subfield></datafield><datafield tag="650" ind1=" " ind2="3"><subfield code="a">surveys</subfield></datafield><datafield tag="650" ind1=" " ind2="3"><subfield code="a">urban development</subfield></datafield><datafield tag="651" ind1=" " ind2="3"><subfield code="a">China</subfield></datafield><datafield tag="653" ind1=" " ind2="0"><subfield code="a">Acoustic scenes</subfield></datafield><datafield tag="653" ind1=" " ind2="0"><subfield code="a">Bioacoustic</subfield></datafield><datafield tag="653" ind1=" " ind2="0"><subfield code="a">Biodiversity</subfield></datafield><datafield tag="653" ind1=" " ind2="0"><subfield code="a">Human activity</subfield></datafield><datafield tag="653" ind1=" " ind2="0"><subfield code="a">Machine learning</subfield></datafield><datafield tag="653" ind1=" " ind2="0"><subfield code="a">Urban noise</subfield></datafield><datafield tag="700" ind1="1" ind2=" "><subfield code="a">Zhan, Haisong</subfield><subfield code="e">author</subfield><subfield code="u">School of Electronics and Communication Engineering, Guangzhou University, Guangzhou 510006, China</subfield></datafield><datafield tag="700" ind1="1" ind2=" "><subfield code="a">Zhang, Chengyun</subfield><subfield code="e">author</subfield><subfield code="u">School of Electronics and Communication Engineering, Guangzhou University, Guangzhou 510006, China</subfield></datafield><datafield tag="700" ind1="1" ind2=" "><subfield code="a">Pei, Nancai</subfield><subfield code="e">author</subfield><subfield code="u">Research Institute of Tropical Forestry, Chinese Academy of Forestry, Guangzhou 510520, China</subfield></datafield><datafield tag="700" ind1="1" ind2=" "><subfield code="a">Sun, Bing</subfield><subfield code="e">author</subfield><subfield code="u">Research Institute of Tropical Forestry, Chinese Academy of Forestry, Guangzhou 510520, China</subfield></datafield><datafield tag="700" ind1="1" ind2=" "><subfield code="a">He, Jihong</subfield><subfield code="e">author</subfield><subfield code="u">Research Institute of Tropical Forestry, Chinese Academy of Forestry, Guangzhou 510520, China</subfield></datafield><datafield tag="700" ind1="1" ind2=" "><subfield code="a">Wu, Ruichen</subfield><subfield code="e">author</subfield><subfield code="u">Research Institute of Tropical Forestry, Chinese Academy of Forestry, Guangzhou 510520, China</subfield></datafield><datafield tag="700" ind1="1" ind2=" "><subfield code="a">Xu, Xinhui</subfield><subfield code="e">author</subfield><subfield code="u">Guangdong Eco-Engineering Polytechnic, Guangzhou 510520, China</subfield></datafield><datafield tag="700" ind1="1" ind2=" "><subfield code="a">Wang, Cheng</subfield><subfield code="e">author</subfield><subfield code="u">Research Institute of Forestry, Chinese Academy of Forestry/Key Laboratory of Tree Breeding and Cultivation, National Forestry and Grassland Administration/ Urban Forest Research Center, National Forestry and Grassland Administration, Beijing 100091, China</subfield></datafield><datafield tag="773" ind1="0" ind2=" "><subfield code="t">Ecological indicators.</subfield><subfield code="g">2022 Nov., v. 144 p.109437-</subfield><subfield code="d">Elsevier Ltd</subfield><subfield code="w">Journal:6196</subfield><subfield code="x">1470-160X</subfield><subfield code="7">nnas</subfield></datafield><datafield tag="787" ind1="1" ind2=" "><subfield code="o">islandora_article_repository</subfield></datafield><datafield tag="787" ind1="1" ind2=" "><subfield code="o">product_pubag</subfield></datafield><datafield tag="787" ind1="1" ind2=" "><subfield code="o">(Journal)6196</subfield></datafield><datafield tag="856" ind1="4" ind2="0"><subfield code="u">https://dx.doi.org/10.1/j.ecolind.2022.109437</subfield><subfield code="3">Available from publisher's site</subfield></datafield><datafield tag="912" ind1=" " ind2=" "><subfield code="a">Article</subfield></datafield><datafield tag="914" ind1=" " ind2=" "><subfield code="a">Journal:6196</subfield><subfield code="b">1470-160X</subfield><subfield code="e">109437</subfield></datafield><datafield tag="914" ind1=" " ind2=" "><subfield code="f">Ecological indicators</subfield></datafield><datafield tag="917" ind1=" " ind2=" "><subfield code="a">issued</subfield></datafield><datafield tag="918" ind1="2" ind2=" "><subfield code="a">Elsevier Consyn</subfield><subfield code="e">provider</subfield><subfield code="5">DNAL</subfield></datafield><datafield tag="935" ind1=" " ind2=" "><subfield code="a">IND607932544</subfield><subfield code="9">ExL</subfield></datafield><datafield tag="949" ind1=" " ind2=" "><subfield code="a">2022-09-14</subfield></datafield><datafield tag="953" ind1=" " ind2=" "><subfield code="a">/data/metadata/incoming/consyn/222649319265401329-00004-HEAD-ONLY-NEW CONSYN ISSNS.ZIP</subfield></datafield><datafield tag="954" ind1=" " ind2=" "><subfield code="a">file:/data/metadata/staging/consyn/S1470X22009104.xml</subfield></datafield><datafield tag="955" ind1=" " ind2=" "><subfield code="a">/data/metadata/staging/consyn/</subfield></datafield><datafield tag="974" ind1=" " ind2=" "><subfield code="a">agid:7932544</subfield></datafield><datafield tag="983" ind1=" " ind2=" "><subfield code="a">2022-10-04</subfield></datafield><datafield tag="984" ind1=" " ind2=" "><subfield code="a">2022-10-04</subfield></datafield></record>