<record><leader>05305nab a2200709 u 4500</leader><controlfield tag="001">9916113163807426</controlfield><controlfield tag="005">20221122123543.0</controlfield><controlfield tag="008">190318e201403 xx |||||o|||||||||||eng||</controlfield><datafield tag="" ind1="7" ind2=" "><subfield code="a">IND605404727</subfield><subfield code="2">DNAL</subfield></datafield><datafield tag="024" ind1="7" ind2=" "><subfield code="a">10.1/j.limno.2013.12.001</subfield><subfield code="2">doi</subfield></datafield><datafield tag="024" ind1="7" ind2=" "><subfield code="a">PMC3974070</subfield><subfield code="2">pmcid</subfield></datafield><datafield tag="024" ind1="7" ind2=" "><subfield code="a">24707064</subfield><subfield code="2">pmid</subfield></datafield><datafield tag="035" ind1=" " ind2=" "><subfield code="a">agid:5404727-01nal_inst</subfield></datafield><datafield tag="040" ind1=" " ind2=" "><subfield code="a">AGL</subfield><subfield code="b">eng</subfield><subfield code="c">AGL</subfield></datafield><datafield tag="100" ind1="1" ind2=" "><subfield code="a">Mostafavi, Hossein</subfield><subfield code="e">author</subfield><subfield code="u">Department of Water, Atmosphere and Environment, Institute of Hydrobiology and Aquatic Ecosystem Management, BOKU University of Natural Resources and Life Sciences, Vienna, Austria</subfield></datafield><datafield tag="245" ind1="1" ind2="0"><subfield code="a">Predicting presence and absence of trout (Salmo trutta) in Iran</subfield></datafield><datafield tag="300" ind1=" " ind2=" "><subfield code="a">p. 1-8.</subfield></datafield><datafield tag="506" ind1=" " ind2=" "><subfield code="a">Resource is Open Access</subfield><subfield code="u">http://purl.org/eprint/accessRights/OpenAccess</subfield><subfield code="f">Unrestricted online access</subfield><subfield code="2">star</subfield></datafield><datafield tag="520" ind1=" " ind2=" "><subfield code="a">Species distribution modelling, as a central issue in freshwater ecology, is an important tool for conservation and management of aquatic ecosystems. The brown trout (Salmo trutta) is a sensitive species which reacts to habitat changes induced by human impacts. Therefore, the identification of suitable habitats is essential. This study explores the potential distribution of brown trout by a species distribution modelling approach for Iran. Furthermore, modelling results are compared to the distribution described in the literature. Areas outside the currently known distribution which may offer potential habitats for brown trout are identified. The species distribution modelling was based on five different modelling techniques: Generalised Linear Model, Generalised Additive Model, Generalised Boosting Model, Classification Tree Analysis and Random Forests, which are finally summarised in an ensemble forecasting approach. We considered four environmental descriptors at the local scale (slope, bankfull width, wetted width, and elevation) and three climatic parameters (mean air temperature, range of air temperature and annual precipitation) which were extracted on three different spatial extents (1/5/10km). The performance of all models was excellent (≥0.8) according to the TSS (True Skill Statistic) criterion. Slope, mean and range of air temperature were the most important variables in predicting brown trout occurrence. Presented results deepen the knowledge about distribution patterns of brown trout in Iran. Moreover, this study gives a basic background for the future development of assessment methods for riverine ecosystems in Iran.</subfield></datafield><datafield tag="592" ind1=" " ind2=" "><subfield code="a">Publisher supplied data</subfield></datafield><datafield tag="593" ind1=" " ind2=" "><subfield code="a">PubAg article</subfield></datafield><datafield tag="650" ind1=" " ind2="3"><subfield code="a">Salmo trutta</subfield></datafield><datafield tag="650" ind1=" " ind2="3"><subfield code="a">air temperature</subfield></datafield><datafield tag="650" ind1=" " ind2="3"><subfield code="a">anthropogenic activities</subfield></datafield><datafield tag="650" ind1=" " ind2="3"><subfield code="a">aquatic ecosystems</subfield></datafield><datafield tag="650" ind1=" " ind2="3"><subfield code="a">atmospheric precipitation</subfield></datafield><datafield tag="650" ind1=" " ind2="3"><subfield code="a">biogeography</subfield></datafield><datafield tag="650" ind1=" " ind2="3"><subfield code="a">habitats</subfield></datafield><datafield tag="650" ind1=" " ind2="3"><subfield code="a">limnology</subfield></datafield><datafield tag="650" ind1=" " ind2="3"><subfield code="a">linear models</subfield></datafield><datafield tag="650" ind1=" " ind2="3"><subfield code="a">prediction</subfield></datafield><datafield tag="650" ind1=" " ind2="3"><subfield code="a">trout</subfield></datafield><datafield tag="651" ind1=" " ind2="3"><subfield code="a">Iran</subfield></datafield><datafield tag="653" ind1=" " ind2="0"><subfield code="a">Brown trout</subfield></datafield><datafield tag="653" ind1=" " ind2="0"><subfield code="a">Species distribution modelling</subfield></datafield><datafield tag="653" ind1=" " ind2="0"><subfield code="a">Iran</subfield></datafield><datafield tag="700" ind1="1" ind2=" "><subfield code="a">Pletterbauer, Florian</subfield><subfield code="e">author</subfield><subfield code="u">Department of Water, Atmosphere and Environment, Institute of Hydrobiology and Aquatic Ecosystem Management, BOKU University of Natural Resources and Life Sciences, Vienna, Austria</subfield><subfield code="1">https://orcid.org/0000-0002-8974-7834</subfield></datafield><datafield tag="700" ind1="1" ind2=" "><subfield code="a">Coad, Brian W.</subfield><subfield code="e">author</subfield><subfield code="u">Canadian Museum of Nature, Ottawa, Canada</subfield><subfield code="1">https://orcid.org/0000-0002-1071-7190</subfield></datafield><datafield tag="700" ind1="1" ind2=" "><subfield code="a">Mahini, Abdolrassoul Salman</subfield><subfield code="e">author</subfield><subfield code="u">Faculty of Fishery and Environment, Gorgan University of Agricultural Sciences and Natural Resources, Gorgan, Iran</subfield></datafield><datafield tag="700" ind1="1" ind2=" "><subfield code="a">Schinegger, Rafaela</subfield><subfield code="e">author</subfield><subfield code="u">Department of Water, Atmosphere and Environment, Institute of Hydrobiology and Aquatic Ecosystem Management, BOKU University of Natural Resources and Life Sciences, Vienna, Austria</subfield></datafield><datafield tag="700" ind1="1" ind2=" "><subfield code="a">Unfer, Günther</subfield><subfield code="e">author</subfield><subfield code="u">Department of Water, Atmosphere and Environment, Institute of Hydrobiology and Aquatic Ecosystem Management, BOKU University of Natural Resources and Life Sciences, Vienna, Austria</subfield></datafield><datafield tag="700" ind1="1" ind2=" "><subfield code="a">Trautwein, Clemens</subfield><subfield code="e">author</subfield><subfield code="u">Department of Water, Atmosphere and Environment, Institute of Hydrobiology and Aquatic Ecosystem Management, BOKU University of Natural Resources and Life Sciences, Vienna, Austria</subfield></datafield><datafield tag="700" ind1="1" ind2=" "><subfield code="a">Schmutz, Stefan</subfield><subfield code="e">author</subfield><subfield code="u">Department of Water, Atmosphere and Environment, Institute of Hydrobiology and Aquatic Ecosystem Management, BOKU University of Natural Resources and Life Sciences, Vienna, Austria</subfield></datafield><datafield tag="773" ind1="0" ind2=" "><subfield code="t">Limnologica.</subfield><subfield code="g">2014 Mar., v. 46 p.1-8</subfield><subfield code="d">Elsevier GmbH</subfield><subfield code="w">Journal:1974</subfield><subfield code="x">0075-9511</subfield><subfield code="7">nnas</subfield></datafield><datafield tag="787" ind1="1" ind2=" "><subfield code="o">islandora_article_repository</subfield></datafield><datafield tag="787" ind1="1" ind2=" "><subfield code="o">product_pubag</subfield></datafield><datafield tag="787" ind1="1" ind2=" "><subfield code="o">(Journal)1974</subfield></datafield><datafield tag="856" ind1="4" ind2="0"><subfield code="u">https://dx.doi.org/10.1/j.limno.2013.12.001</subfield><subfield code="3">Available from publisher's site</subfield></datafield><datafield tag="912" ind1=" " ind2=" "><subfield code="a">Article</subfield></datafield><datafield tag="914" ind1=" " ind2=" "><subfield code="a">Journal:1974</subfield><subfield code="b">0075-9511</subfield><subfield code="c">46</subfield><subfield code="e">1</subfield></datafield><datafield tag="914" ind1=" " ind2=" "><subfield code="f">Limnologica</subfield></datafield><datafield tag="916" ind1=" " ind2=" "><subfield code="a">Batch:1484</subfield></datafield><datafield tag="917" ind1=" " ind2=" "><subfield code="a">issued</subfield></datafield><datafield tag="918" ind1="2" ind2=" "><subfield code="a">Elsevier Consyn</subfield><subfield code="e">provider</subfield><subfield code="5">DNAL</subfield></datafield><datafield tag="935" ind1=" " ind2=" "><subfield code="a">IND605404727</subfield><subfield code="9">ExL</subfield></datafield><datafield tag="949" ind1=" " ind2=" "><subfield code="a">2019-03-18</subfield></datafield><datafield tag="953" ind1=" " ind2=" "><subfield code="a">/data/metadata/incoming/consyn/46-2-00020-HEAD-ONLY.zip</subfield></datafield><datafield tag="954" ind1=" " ind2=" "><subfield code="a">file:/data/metadata/staging/consyn/S0075951113001060.xml</subfield></datafield><datafield tag="955" ind1=" " ind2=" "><subfield code="a">/data/metadata/staging/consyn/</subfield></datafield><datafield tag="974" ind1=" " ind2=" "><subfield code="a">agid:5404727</subfield></datafield><datafield tag="983" ind1=" " ind2=" "><subfield code="a">2019-03-18</subfield></datafield><datafield tag="984" ind1=" " ind2=" "><subfield code="a">2019-03-18</subfield></datafield></record>