<record><leader>04800nab a2200685 u 4500</leader><controlfield tag="001">9916113811107426</controlfield><controlfield tag="005">20221120211841.0</controlfield><controlfield tag="008">151124e201406 xx |||||o|||||||||||eng||</controlfield><datafield tag="" ind1="7" ind2=" "><subfield code="a">IND601273725</subfield><subfield code="2">DNAL</subfield></datafield><datafield tag="024" ind1="7" ind2=" "><subfield code="a">10.1896/054.097.0256</subfield><subfield code="2">doi</subfield></datafield><datafield tag="035" ind1=" " ind2=" "><subfield code="a">agid:1273725-01nal_inst</subfield></datafield><datafield tag="040" ind1=" " ind2=" "><subfield code="a">AGL</subfield><subfield code="b">eng</subfield><subfield code="c">AGL</subfield></datafield><datafield tag="100" ind1="1" ind2=" "><subfield code="a">Jahnke, Simone Mundstock</subfield><subfield code="e">author</subfield><subfield code="u">Programa de Pós-graduação em Fitotecnia, Faculdade de Agronomia, Universidade Federal do Rio Grande do Sul, 91540-000, Porto Alegre, Brazil</subfield></datafield><datafield tag="245" ind1="1" ind2="0"><subfield code="a">Spatial Patterns and Associations of Anastrepha fraterculus (Diptera: Tephritidae) and Its Parasitoid Doryctobracon areolatus (Hymenoptera: Braconidae) in Organic Orchards of Psidium guajava and Acca sellowiana</subfield></datafield><datafield tag="300" ind1=" " ind2=" "><subfield code="a">p. 744-752.</subfield></datafield><datafield tag="520" ind1=" " ind2=" "><subfield code="a">The objective of this study was to determine the spatial patterns and associations of the South American fruit fly (Anastrepha fraterculus (Wiedemann); Diptera: Tephritidae) and its parasitoids in organic orchards of common guava and pineapple guava. The field study was conducted from Feb to Mar 2010 in 2 organically-managed orchards, one of common guava (Psidium guajava L.) (Myrtaceae) and the other of pineapple guava [Acca sellowiana (O. Berg) Burret] (Myrtaceae), in Rio Grande do Sul (RS) state, Brazil. Fruits were sampled from all trees at 2 sampling occasions, spaced 15 days apart, just before fruits were in the final maturation period. On each tree, 10 fruits were randomly collected from the entire canopy and held in the laboratory until the flies had pupated. Heterogeneity of insect count data was analyzed by fitting theoretical distributions to the data and calculating dispersion indices. The spatial arrangement was evaluated with SADIE. Local spatial associations were measured using a SADIE association index (I ₜ ᵃ). In a common guava orchard the emerged individuals were A. fraterculus, and its parasitoid, Doryctobracon areolatus (Szépligeti) (Par) (Hymenoptera: Braconidae) with a parasitism rate of 8.3%. The same 2 species occurred in a pineapple guava orchard, where the parasitism rate was 25.5%. The variances of the data for both the A. fraterculus and D. areolatus were greater than the corresponding means for most cases, hence the significance of both the dispersion index (I) and the values of k of the negative binomial suggested an aggregated distribution pattern. On the other hand, the clustering indices (v ᵢ. and v ⱼ) and I ₜ ᵃ suggested a random spatial pattern of A. fraterculus and the parasitoid for most situations (orchards and sampling times). Spatial association indices revealed significant associations for 5 of the 12 pair-wise comparisons, 3 in the common guava orchard and 2 in the pineapple guava orchard.</subfield></datafield><datafield tag="592" ind1=" " ind2=" "><subfield code="a">Publisher supplied data</subfield></datafield><datafield tag="593" ind1=" " ind2=" "><subfield code="a">PubAg article</subfield></datafield><datafield tag="650" ind1=" " ind2="3"><subfield code="a">Acca sellowiana</subfield></datafield><datafield tag="650" ind1=" " ind2="3"><subfield code="a">Anastrepha fraterculus</subfield></datafield><datafield tag="650" ind1=" " ind2="3"><subfield code="a">Doryctobracon areolatus</subfield></datafield><datafield tag="650" ind1=" " ind2="3"><subfield code="a">Psidium guajava</subfield></datafield><datafield tag="650" ind1=" " ind2="3"><subfield code="a">canopy</subfield></datafield><datafield tag="650" ind1=" " ind2="3"><subfield code="a">fruits</subfield></datafield><datafield tag="650" ind1=" " ind2="3"><subfield code="a">guavas</subfield></datafield><datafield tag="650" ind1=" " ind2="3"><subfield code="a">insects</subfield></datafield><datafield tag="650" ind1=" " ind2="3"><subfield code="a">orchards</subfield></datafield><datafield tag="650" ind1=" " ind2="3"><subfield code="a">parasitism</subfield></datafield><datafield tag="650" ind1=" " ind2="3"><subfield code="a">parasitoids</subfield></datafield><datafield tag="650" ind1=" " ind2="3"><subfield code="a">trees</subfield></datafield><datafield tag="651" ind1=" " ind2="3"><subfield code="a">Brazil</subfield></datafield><datafield tag="653" ind1=" " ind2="0"><subfield code="a">spatial distribution</subfield></datafield><datafield tag="653" ind1=" " ind2="0"><subfield code="a">Anastrepha sp.</subfield></datafield><datafield tag="653" ind1=" " ind2="0"><subfield code="a">parasitism</subfield></datafield><datafield tag="653" ind1=" " ind2="0"><subfield code="a">Myrtaceae</subfield></datafield><datafield tag="653" ind1=" " ind2="0"><subfield code="a">distribuição espacial</subfield></datafield><datafield tag="653" ind1=" " ind2="0"><subfield code="a">Anastrepha sp.</subfield></datafield><datafield tag="653" ind1=" " ind2="0"><subfield code="a">parasitismo</subfield></datafield><datafield tag="653" ind1=" " ind2="0"><subfield code="a">Myrtaceae</subfield></datafield><datafield tag="700" ind1="1" ind2=" "><subfield code="a">Ponte, Emerson Medeiros Del</subfield><subfield code="e">author</subfield><subfield code="u">Programa de Pós-graduação em Fitotecnia, Faculdade de Agronomia, Universidade Federal do Rio Grande do Sul, 91540-000, Porto Alegre, Brazil</subfield></datafield><datafield tag="700" ind1="1" ind2=" "><subfield code="a">Redaelli, Luiza Rodrigues</subfield><subfield code="e">author</subfield><subfield code="u">Programa de Pós-graduação em Fitotecnia, Faculdade de Agronomia, Universidade Federal do Rio Grande do Sul, 91540-000, Porto Alegre, Brazil</subfield></datafield><datafield tag="700" ind1="1" ind2=" "><subfield code="a">Rego, Diogo Ricardo Goulart Pereira</subfield><subfield code="e">author</subfield><subfield code="u">Programa de Pós-graduação em Fitotecnia, Faculdade de Agronomia, Universidade Federal do Rio Grande do Sul, 91540-000, Porto Alegre, Brazil</subfield></datafield><datafield tag="773" ind1="0" ind2=" "><subfield code="t">Florida entomologist.</subfield><subfield code="g">2014 June, v. 97, no. 2 p.744-752</subfield><subfield code="d">Florida Entomological Society</subfield><subfield code="x">0015-4040</subfield><subfield code="7">nnas</subfield></datafield><datafield tag="787" ind1="1" ind2=" "><subfield code="o">islandora_article_repository</subfield></datafield><datafield tag="787" ind1="1" ind2=" "><subfield code="o">product_pubag</subfield></datafield><datafield tag="787" ind1="1" ind2=" "><subfield code="o">(Journal)jnl44725</subfield></datafield><datafield tag="856" ind1="4" ind2="0"><subfield code="u">http://dx.doi.org/10.1896/054.097.0256</subfield><subfield code="3">Available from publisher's site</subfield></datafield><datafield tag="912" ind1=" " ind2=" "><subfield code="a">Article</subfield></datafield><datafield tag="914" ind1=" " ind2=" "><subfield code="a">Journal:jnl44725</subfield><subfield code="b">0015-4040</subfield><subfield code="c">97</subfield><subfield code="d">2</subfield><subfield code="e">744</subfield></datafield><datafield tag="914" ind1=" " ind2=" "><subfield code="f">Florida entomologist</subfield></datafield><datafield tag="916" ind1=" " ind2=" "><subfield code="a">Batch:1156</subfield></datafield><datafield tag="917" ind1=" " ind2=" "><subfield code="a">issued</subfield></datafield><datafield tag="918" ind1="2" ind2=" "><subfield code="a">BioOne</subfield><subfield code="e">provider</subfield><subfield code="5">DNAL</subfield></datafield><datafield tag="935" ind1=" " ind2=" "><subfield code="a">IND601273725</subfield><subfield code="9">ExL</subfield></datafield><datafield tag="949" ind1=" " ind2=" "><subfield code="a">2-01-04</subfield></datafield><datafield tag="953" ind1=" " ind2=" "><subfield code="a">FLENv97i2-09160150-411500.zip</subfield></datafield><datafield tag="962" ind1=" " ind2=" "><subfield code="a">Batch:1156 reviewed on 2-01-04T14:00:02Z</subfield></datafield><datafield tag="974" ind1=" " ind2=" "><subfield code="a">agid:1273725</subfield></datafield><datafield tag="983" ind1=" " ind2=" "><subfield code="a">2015-11-24</subfield></datafield><datafield tag="984" ind1=" " ind2=" "><subfield code="a">2-01-04</subfield></datafield></record>