<record><leader>03698nab a2200757 u 4500</leader><controlfield tag="001">9916113817007426</controlfield><controlfield tag="005">20221120211829.0</controlfield><controlfield tag="008">180911e20180304xx |||||o|||||||||||eng||</controlfield><datafield tag="" ind1="7" ind2=" "><subfield code="a">IND606130367</subfield><subfield code="2">DNAL</subfield></datafield><datafield tag="024" ind1="7" ind2=" "><subfield code="a">10.1080/1747423X.2018.1499830</subfield><subfield code="2">doi</subfield></datafield><datafield tag="035" ind1=" " ind2=" "><subfield code="a">agid:6130367-01nal_inst</subfield></datafield><datafield tag="040" ind1=" " ind2=" "><subfield code="a">AGL</subfield><subfield code="b">eng</subfield><subfield code="c">AGL</subfield></datafield><datafield tag="100" ind1="1" ind2=" "><subfield code="a">Hurni, Kaspar</subfield><subfield code="e">author</subfield><subfield code="u">East-West Center, Honolulu, HI, USA</subfield></datafield><datafield tag="245" ind1="1" ind2="4"><subfield code="a">The expansion of tree-based boom crops in mainland Southeast Asia: 2001 to 2014</subfield></datafield><datafield tag="300" ind1=" " ind2=" "><subfield code="a">p. 198-219.</subfield></datafield><datafield tag="520" ind1=" " ind2=" "><subfield code="a">Over the past half century, countries of Mainland Southeast Asia (MSEA) – Cambodia, Laos, Myanmar, Thailand, and Vietnam – have witnessed increases in commercialized agriculture with rapid expansions of boom-crop plantations. We used MODIS EVI and SWIR time-series from 2001–2014 to classify tree-cover changes across MSEA and performed a supervised change detection using an upscaling approach by deriving samples from existing Landsat classifications. We used the random forest classifier and distinguished 24 classes (16 representing boom-crops) with an accuracy of 82.2%. Boom-crops occupy about 18% of the landscape (8% of which is rubber). Since 2003 74,960 km² of rubber have been planted; 70% of rubber is planted on former forest land, and 30% on low vegetation area (mainly former croplands). Timing, patterns of change, and deforestation rates, however, differ among the MSEA countries and the high spatial and temporal detail of our classification allowed us to quantify dynamics and discuss political and socio-economic drivers of change.</subfield></datafield><datafield tag="536" ind1=" " ind2=" "><subfield code="a">This work was supported by the NASA Land-Cover / Land-Use Change Program[NNX14AD87G];</subfield></datafield><datafield tag="592" ind1=" " ind2=" "><subfield code="a">Publisher supplied data</subfield></datafield><datafield tag="593" ind1=" " ind2=" "><subfield code="a">PubAg article</subfield></datafield><datafield tag="596" ind1=" " ind2=" "><subfield code="a">NNX14AD87G</subfield><subfield code="c">NASA Land-Cover / Land-Use Change Program</subfield></datafield><datafield tag="650" ind1=" " ind2="3"><subfield code="a">Landsat</subfield></datafield><datafield tag="650" ind1=" " ind2="3"><subfield code="a">Management Systems Evaluation Areas</subfield></datafield><datafield tag="650" ind1=" " ind2="3"><subfield code="a">commercialization</subfield></datafield><datafield tag="650" ind1=" " ind2="3"><subfield code="a">cropland</subfield></datafield><datafield tag="650" ind1=" " ind2="3"><subfield code="a">crops</subfield></datafield><datafield tag="650" ind1=" " ind2="3"><subfield code="a">deforestation</subfield></datafield><datafield tag="650" ind1=" " ind2="3"><subfield code="a">landscapes</subfield></datafield><datafield tag="650" ind1=" " ind2="3"><subfield code="a">moderate resolution imaging spectroradiometer</subfield></datafield><datafield tag="650" ind1=" " ind2="3"><subfield code="a">plantations</subfield></datafield><datafield tag="650" ind1=" " ind2="3"><subfield code="a">politics</subfield></datafield><datafield tag="650" ind1=" " ind2="3"><subfield code="a">rubber</subfield></datafield><datafield tag="650" ind1=" " ind2="3"><subfield code="a">socioeconomics</subfield></datafield><datafield tag="650" ind1=" " ind2="3"><subfield code="a">time series analysis</subfield></datafield><datafield tag="650" ind1=" " ind2="3"><subfield code="a">vegetation</subfield></datafield><datafield tag="651" ind1=" " ind2="3"><subfield code="a">Cambodia</subfield></datafield><datafield tag="651" ind1=" " ind2="3"><subfield code="a">Laos</subfield></datafield><datafield tag="651" ind1=" " ind2="3"><subfield code="a">Myanmar</subfield></datafield><datafield tag="651" ind1=" " ind2="3"><subfield code="a">Thailand</subfield></datafield><datafield tag="651" ind1=" " ind2="3"><subfield code="a">Vietnam</subfield></datafield><datafield tag="653" ind1=" " ind2="0"><subfield code="a">MODIS</subfield></datafield><datafield tag="653" ind1=" " ind2="0"><subfield code="a">random forest classifier</subfield></datafield><datafield tag="653" ind1=" " ind2="0"><subfield code="a">mainland southeast asia</subfield></datafield><datafield tag="653" ind1=" " ind2="0"><subfield code="a">land-cover change</subfield></datafield><datafield tag="653" ind1=" " ind2="0"><subfield code="a">boom-crops</subfield></datafield><datafield tag="653" ind1=" " ind2="0"><subfield code="a">remote sensing</subfield></datafield><datafield tag="700" ind1="1" ind2=" "><subfield code="a">Fox, Jefferson</subfield><subfield code="e">author</subfield><subfield code="u">East-West Center, Honolulu, HI, USA</subfield></datafield><datafield tag="773" ind1="0" ind2=" "><subfield code="t">Journal of land use science.</subfield><subfield code="g">2018 Mar. 4, v. 13, no. 1-2 p.198-219</subfield><subfield code="d">Taylor &amp; Francis</subfield><subfield code="w">Journal:J000000108</subfield><subfield code="x">1747-4248</subfield><subfield code="7">nnas</subfield></datafield><datafield tag="787" ind1="1" ind2=" "><subfield code="o">islandora_article_repository</subfield></datafield><datafield tag="787" ind1="1" ind2=" "><subfield code="o">product_pubag</subfield></datafield><datafield tag="787" ind1="1" ind2=" "><subfield code="o">(Journal)J000000108</subfield></datafield><datafield tag="856" ind1="4" ind2="0"><subfield code="u">http://dx.doi.org/10.1080/1747423X.2018.1499830</subfield><subfield code="3">Available from publisher's site</subfield></datafield><datafield tag="912" ind1=" " ind2=" "><subfield code="a">Article</subfield></datafield><datafield tag="914" ind1=" " ind2=" "><subfield code="a">Journal:J000000108</subfield><subfield code="b">1747-4248</subfield><subfield code="c">13</subfield><subfield code="d">1-2</subfield><subfield code="e">198</subfield></datafield><datafield tag="914" ind1=" " ind2=" "><subfield code="f">Journal of land use science</subfield></datafield><datafield tag="916" ind1=" " ind2=" "><subfield code="a">Batch:2093</subfield></datafield><datafield tag="917" ind1=" " ind2=" "><subfield code="a">issued</subfield></datafield><datafield tag="918" ind1="2" ind2=" "><subfield code="a">Taylor &amp; Francis Group</subfield><subfield code="e">provider</subfield><subfield code="5">DNAL</subfield></datafield><datafield tag="935" ind1=" " ind2=" "><subfield code="a">IND606130367</subfield><subfield code="9">ExL</subfield></datafield><datafield tag="949" ind1=" " ind2=" "><subfield code="a">2018-11-22</subfield></datafield><datafield tag="953" ind1=" " ind2=" "><subfield code="a" >/data/metadata/incoming/taylorfrancis/tlus20_tlus20.v013.i01-02_20180911074326#14180311.zip</subfield></datafield><datafield tag="954" ind1=" " ind2=" "><subfield code="a" >file:/data/metadata/staging/taylorfrancis/1747423X.2018.1499830.xml</subfield></datafield><datafield tag="955" ind1=" " ind2=" "><subfield code="a">/data/metadata/staging/taylorfrancis/</subfield></datafield><datafield tag="962" ind1=" " ind2=" "><subfield code="a">Batch:2093 reviewed on 2018-11-22T04:00:03Z</subfield></datafield><datafield tag="974" ind1=" " ind2=" "><subfield code="a">agid:6130367</subfield></datafield><datafield tag="983" ind1=" " ind2=" "><subfield code="a">2018-09-11</subfield></datafield><datafield tag="984" ind1=" " ind2=" "><subfield code="a">2018-11-22</subfield></datafield></record>