<record><leader>04974nab a2200697 u 4500</leader><controlfield tag="001">9916114086207426</controlfield><controlfield tag="005">20221123014028.0</controlfield><controlfield tag="008">190501e20102xx |||||o|||||||||||eng||</controlfield><datafield tag="" ind1="7" ind2=" "><subfield code="a">IND605192858</subfield><subfield code="2">DNAL</subfield></datafield><datafield tag="024" ind1="7" ind2=" "><subfield code="a">10.1080/17550874.2015.1075623</subfield><subfield code="2">doi</subfield></datafield><datafield tag="035" ind1=" " ind2=" "><subfield code="a">agid:5192858-01nal_inst</subfield></datafield><datafield tag="040" ind1=" " ind2=" "><subfield code="a">AGL</subfield><subfield code="b">eng</subfield><subfield code="c">AGL</subfield></datafield><datafield tag="100" ind1="1" ind2=" "><subfield code="a">Saiter, Felipe Z.</subfield><subfield code="e">author</subfield><subfield code="u">Instituto Federal de Educação, Ciência e Tecnologia do Espírito Santo, Santa Teresa, Espírito Santo, Brasil</subfield></datafield><datafield tag="245" ind1="1" ind2="0"><subfield code="a">From evergreen to deciduous tropical forests: how energy–water balance, temperature, and space influence the tree species composition in a high diversity region</subfield></datafield><datafield tag="300" ind1=" " ind2=" "><subfield code="a">p. 45-54.</subfield></datafield><datafield tag="500" ind1=" " ind2=" "><subfield code="a">2019-12-06</subfield></datafield><datafield tag="520" ind1=" " ind2=" "><subfield code="a">Background: Understanding floristic and geographic patterns in one of the most biodiverse regions in the world – the Atlantic forest of eastern Bahia, Brazil – can identify the drivers of diversity in tropical forests and provide useful information for biological conservation. Aims: To understand the role of both climate and geographical location on variation in tree species composition in a region characterised by an abrupt transition from wet forests to semi-arid thorn-woodlands. To test whether a regional classification of forests according to elevation belts and leaf flush pattern is consistent with floristic composition. Methods: We submitted 14,094 tree species occurrence records and 31 geo-climatic variables prepared for 57 sites in eastern Bahia, Brazil, to multivariate and regression analyses and variance partitioning. Results: Climate and space were both significantly (P ≤ 0.05) contributing to explaining floristic variations. Actual evapotranspiration, duration of water deficit, and minimum temperature of coldest month were the main predictors. Floristic differences were significant except when comparing evergreen lower plains and upper plains forests. Conclusions: Although distance among sites may play an important role, species composition is chiefly influenced by environmental gradients. This highlights environmental heterogeneity as a key factor in the planning of biodiversity conservation in tropical forests.</subfield></datafield><datafield tag="536" ind1=" " ind2=" "><subfield code="a">FZS thanks the Coordenação de Aperfeiçoamento de Pessoal de Nível Superior for the Sandwich Fellowship [CAPES-7748/13-2]. ATOF [grant number 303458/2010-0] and MVRB ([grant number 311389/2013-9] and Post-doc Fellowship) thank the Conselho Nacional de Desenvolvimento Científico e Tecnológico (CNPq). WWT and MRVB also thank the National Science Foundation [NSF-0946618].</subfield></datafield><datafield tag="592" ind1=" " ind2=" "><subfield code="a">Publisher supplied data</subfield></datafield><datafield tag="593" ind1=" " ind2=" "><subfield code="a">PubAg article</subfield></datafield><datafield tag="596" ind1=" " ind2=" "><subfield code="a">303458/2010-0</subfield><subfield code="c">Conselho Nacional de Desenvolvimento Científico e Tecnológico</subfield><subfield code="d">https://doi.org/10.13039/501100003593</subfield></datafield><datafield tag="596" ind1=" " ind2=" "><subfield code="a">CAPES-7748/13-2</subfield><subfield code="c">Coordenação de Aperfeiçoamento de Pessoal de Nível Superior</subfield><subfield code="d">https://doi.org/10.13039/501100002322</subfield></datafield><datafield tag="596" ind1=" " ind2=" "><subfield code="a">NSF-0946618</subfield><subfield code="c">Directorate for Biological Sciences</subfield><subfield code="d">https://doi.org/10.13039/100000076</subfield></datafield><datafield tag="650" ind1=" " ind2="3"><subfield code="a">planning</subfield></datafield><datafield tag="650" ind1=" " ind2="3"><subfield code="a">evapotranspiration</subfield></datafield><datafield tag="650" ind1=" " ind2="3"><subfield code="a">botanical composition</subfield></datafield><datafield tag="650" ind1=" " ind2="3"><subfield code="a">tropical forests</subfield></datafield><datafield tag="650" ind1=" " ind2="3"><subfield code="a">regression analysis</subfield></datafield><datafield tag="650" ind1=" " ind2="3"><subfield code="a">trees</subfield></datafield><datafield tag="650" ind1=" " ind2="3"><subfield code="a">temperature</subfield></datafield><datafield tag="650" ind1=" " ind2="3"><subfield code="a">climate</subfield></datafield><datafield tag="651" ind1=" " ind2="3"><subfield code="a">Brazil</subfield></datafield><datafield tag="653" ind1=" " ind2="0"><subfield code="a">floristic gradient</subfield></datafield><datafield tag="653" ind1=" " ind2="0"><subfield code="a">Atlantic forest</subfield></datafield><datafield tag="653" ind1=" " ind2="0"><subfield code="a">analysis of variance</subfield></datafield><datafield tag="653" ind1=" " ind2="0"><subfield code="a">geo-climatic variables</subfield></datafield><datafield tag="653" ind1=" " ind2="0"><subfield code="a">phytogeographic patterns</subfield></datafield><datafield tag="653" ind1=" " ind2="0"><subfield code="a">spatial autocorrelation</subfield></datafield><datafield tag="700" ind1="1" ind2=" "><subfield code="a">Eisenlohr, Pedro V.</subfield><subfield code="e">author</subfield><subfield code="u">Universidade do Estado de Mato Grosso, Alta Floresta, Mato Grosso, Brasil</subfield></datafield><datafield tag="700" ind1="1" ind2=" "><subfield code="a">Barbosa, Maria R. V.</subfield><subfield code="e">author</subfield><subfield code="u">Departamento de Sistemática e Ecologia, Universidade Federal da Paraíba, João Pessoa, Paraíba, Brasil</subfield></datafield><datafield tag="700" ind1="1" ind2=" "><subfield code="a">Thomas, William W.</subfield><subfield code="e">author</subfield><subfield code="u">The New York Botanical Garden, Bronx, NY, USA</subfield></datafield><datafield tag="700" ind1="1" ind2=" "><subfield code="a">Oliveira-Filho, Ary T.</subfield><subfield code="e">author</subfield><subfield code="u">Departamento de Botânica, Universidade Federal de Minas Gerais, Belo Horizonte, Minas Gerais, Brasil</subfield></datafield><datafield tag="773" ind1="0" ind2=" "><subfield code="t">Plant ecology &amp; diversity.</subfield><subfield code="g">2 Jan. 2, v. 9, no. 1 p.45-54</subfield><subfield code="d">Taylor &amp; Francis</subfield><subfield code="w">Journal:J000000135</subfield><subfield code="x">1755-1668</subfield><subfield code="7">nnas</subfield></datafield><datafield tag="787" ind1="1" ind2=" "><subfield code="o">islandora_article_repository</subfield></datafield><datafield tag="787" ind1="1" ind2=" "><subfield code="o">product_pubag</subfield></datafield><datafield tag="787" ind1="1" ind2=" "><subfield code="o">(Journal)J000000135</subfield></datafield><datafield tag="856" ind1="4" ind2="0"><subfield code="u">https://dx.doi.org/10.1080/17550874.2015.1075623</subfield><subfield code="3">Available from publisher's site</subfield></datafield><datafield tag="912" ind1=" " ind2=" "><subfield code="a">Article</subfield></datafield><datafield tag="914" ind1=" " ind2=" "><subfield code="a">Journal:J000000135</subfield><subfield code="b">1755-1668</subfield><subfield code="c">9</subfield><subfield code="d">1</subfield><subfield code="e">45</subfield></datafield><datafield tag="914" ind1=" " ind2=" "><subfield code="f">Plant ecology &amp; diversity</subfield></datafield><datafield tag="916" ind1=" " ind2=" "><subfield code="a">Batch:1504</subfield></datafield><datafield tag="917" ind1=" " ind2=" "><subfield code="a">issued</subfield></datafield><datafield tag="918" ind1="2" ind2=" "><subfield code="a">Taylor &amp; Francis Group</subfield><subfield code="e">provider</subfield><subfield code="5">DNAL</subfield></datafield><datafield tag="935" ind1=" " ind2=" "><subfield code="a">IND605192858</subfield><subfield code="9">ExL</subfield></datafield><datafield tag="949" ind1=" " ind2=" "><subfield code="a">2019-05-01</subfield></datafield><datafield tag="953" ind1=" " ind2=" "><subfield code="a" >/data/metadata/incoming/taylorfrancis/tped20_tped20.v009.i01_20190501112941#16943425.zip</subfield></datafield><datafield tag="954" ind1=" " ind2=" "><subfield code="a" >file:/data/metadata/staging/taylorfrancis/17550874.2015.1075623.xml</subfield></datafield><datafield tag="955" ind1=" " ind2=" "><subfield code="a">/data/metadata/staging/taylorfrancis/</subfield></datafield><datafield tag="974" ind1=" " ind2=" "><subfield code="a">agid:5192858</subfield></datafield><datafield tag="983" ind1=" " ind2=" "><subfield code="a">2019-05-01</subfield></datafield><datafield tag="984" ind1=" " ind2=" "><subfield code="a">2019-05-01</subfield></datafield></record>