<record><leader>03730nab a2200649 u 4500</leader><controlfield tag="001">9916114237807426</controlfield><controlfield tag="005">20221120231827.0</controlfield><controlfield tag="008">010520e200009 enk|||||o|||||||||||eng||</controlfield><datafield tag="" ind1="7" ind2=" "><subfield code="a">IND23211207</subfield><subfield code="2">DNAL</subfield></datafield><datafield tag="035" ind1=" " ind2=" "><subfield code="a">agid:3046804-01nal_inst</subfield></datafield><datafield tag="040" ind1=" " ind2=" "><subfield code="a">AGL</subfield><subfield code="b">eng</subfield><subfield code="c">AGL</subfield></datafield><datafield tag="100" ind1="1" ind2=" "><subfield code="a">Schroth, G.</subfield></datafield><datafield tag="245" ind1="1" ind2="0"><subfield code="a">Spatial patterns of nitrogen mineralization, fertilizer distribution and roots explain nitrate leaching from mature Amazonian oil palm plantation</subfield></datafield><datafield tag="300" ind1=" " ind2=" "><subfield code="a">p. 222-229.</subfield></datafield><datafield tag="520" ind1=" " ind2=" "><subfield code="a">The African oil palm (Elaeis guineensis) is relatively well adapted to the pedoclimatic conditions of central Amazonia. The clayey upland soils of the region are well supplied with nitrogen, although they are deficient in most other nutrients. Under these conditions, oil palm does not respond to N fertilization with yield increases. In this research, the N status of a central Amazonian upland soil was evaluated after having supported a productive oil palm plantation for 15 years without N fertilization. Mineral N in the upper 2 m of soil showed pronounced spatial patterns, with very low concentrations close to the palms, indicative of efficient N uptake by the palms, and evidence for nitrate leaching into the subsoil in the inter-tree spaces despite the near-absence of a leguminous cover crop during the previous ten years. The pronounced increases of mineral N with increasing tree distance were explained by increases in N mineralization and a strong decrease in fine root length density of the palms, especially in the subsoil. Failure of the palms to fully occupy the available soil volume with their roots was apparently related to fertilizer placement close to the stem base, which over the years had led to steep fertility gradients between the soil under the trees and the inter-tree spaces. Broadcast fertilization would have presumably favoured a more extensive lateral root development of the palms, and consequently improved nutrient and water uptake from the inter-tree spaces. The incomplete soil occupation by the palm roots also suggests that young oil palms can be associated with shade tolerant crops without much risk of root competition. These conclusions may be valid also for other tree crops and may help to reduce nitrate leaching and consequently the need for N fertilization in Amazonian tree crop agriculture.</subfield></datafield><datafield tag="650" ind1=" " ind2="3"><subfield code="a">Elaeis guineensis</subfield></datafield><datafield tag="650" ind1=" " ind2="3"><subfield code="a">nitrates</subfield></datafield><datafield tag="650" ind1=" " ind2="3"><subfield code="a">leaching</subfield></datafield><datafield tag="650" ind1=" " ind2="3"><subfield code="a">soil fertility</subfield></datafield><datafield tag="650" ind1=" " ind2="3"><subfield code="a">upland soils</subfield></datafield><datafield tag="650" ind1=" " ind2="3"><subfield code="a">clay soils</subfield></datafield><datafield tag="650" ind1=" " ind2="3"><subfield code="a">topsoil</subfield></datafield><datafield tag="650" ind1=" " ind2="3"><subfield code="a">nutrient availability</subfield></datafield><datafield tag="650" ind1=" " ind2="3"><subfield code="a">spatial variation</subfield></datafield><datafield tag="650" ind1=" " ind2="3"><subfield code="a">nitrogen</subfield></datafield><datafield tag="650" ind1=" " ind2="3"><subfield code="a">mineralization</subfield></datafield><datafield tag="650" ind1=" " ind2="3"><subfield code="a">nitrate nitrogen</subfield></datafield><datafield tag="650" ind1=" " ind2="3"><subfield code="a">roots</subfield></datafield><datafield tag="650" ind1=" " ind2="3"><subfield code="a">length</subfield></datafield><datafield tag="650" ind1=" " ind2="3"><subfield code="a">spatial distribution</subfield></datafield><datafield tag="650" ind1=" " ind2="3"><subfield code="a">fertilizers</subfield></datafield><datafield tag="650" ind1=" " ind2="3"><subfield code="a">phosphorus</subfield></datafield><datafield tag="650" ind1=" " ind2="3"><subfield code="a">potassium</subfield></datafield><datafield tag="650" ind1=" " ind2="3"><subfield code="a">magnesium</subfield></datafield><datafield tag="650" ind1=" " ind2="3"><subfield code="a">ammonium compounds</subfield></datafield><datafield tag="650" ind1=" " ind2="3"><subfield code="a">plantations</subfield></datafield><datafield tag="651" ind1=" " ind2="3"><subfield code="a">Amazonia</subfield></datafield><datafield tag="653" ind1=" " ind2="0"><subfield code="a">broadcasting</subfield></datafield><datafield tag="700" ind1="1" ind2=" "><subfield code="a">Rodrigues, M.R.L.</subfield></datafield><datafield tag="700" ind1="1" ind2=" "><subfield code="a">D'Angelo, S.A.</subfield></datafield><datafield tag="773" ind1="0" ind2=" "><subfield code="t">Soil use and management.</subfield><subfield code="g">2000 Sept., v. 16, no. 3 p.222-229</subfield><subfield code="x">0266-0032</subfield><subfield code="7">nnas</subfield></datafield><datafield tag="787" ind1="1" ind2=" "><subfield code="o">islandora_article_repository</subfield></datafield><datafield tag="787" ind1="1" ind2=" "><subfield code="o">(Journal)jnl36284</subfield></datafield><datafield tag="852" ind1=" " ind2=" "><subfield code="a">DNAL</subfield></datafield><datafield tag="912" ind1=" " ind2=" "><subfield code="a">Article</subfield></datafield><datafield tag="914" ind1=" " ind2=" "><subfield code="a">Journal:jnl36284</subfield></datafield><datafield tag="914" ind1=" " ind2=" "><subfield code="f">Soil use manage</subfield></datafield><datafield tag="917" ind1=" " ind2=" "><subfield code="a">issued</subfield></datafield><datafield tag="930" ind1=" " ind2=" "><subfield code="a">20010702</subfield><subfield code="b">20010710</subfield><subfield code="c">00000000</subfield></datafield><datafield tag="935" ind1=" " ind2=" "><subfield code="a">IND23211207</subfield><subfield code="9">ExL</subfield></datafield><datafield tag="945" ind1=" " ind2=" "><subfield code="a">IND</subfield><subfield code="d">CMS</subfield></datafield><datafield tag="946" ind1=" " ind2=" "><subfield code="a">Non-US</subfield></datafield><datafield tag="952" ind1=" " ind2=" "><subfield code="a">20010702 20010710 00000000</subfield><subfield code="b">IND CMS </subfield></datafield><datafield tag="974" ind1=" " ind2=" "><subfield code="a">agid:3046804</subfield></datafield><datafield tag="984" ind1=" " ind2=" "><subfield code="a">2014-12-25</subfield></datafield><datafield tag="985" ind1=" " ind2=" "><subfield code="a">Converted from MARCXML to MODS version 3.4 using MARC21slim2MODS3-4.xsl (Revision 1.95 2014/04/23)</subfield></datafield><datafield tag="986" ind1=" " ind2=" "><subfield code="a">3479729</subfield></datafield></record>