<record><leader>03454nab a2200649 u 4500</leader><controlfield tag="001">9916114500807426</controlfield><controlfield tag="005">20221123030609.0</controlfield><controlfield tag="008">170717e201703 xx |||||o|||||||||||eng||</controlfield><datafield tag="" ind1="7" ind2=" "><subfield code="a">IND605724175</subfield><subfield code="2">DNAL</subfield></datafield><datafield tag="024" ind1="7" ind2=" "><subfield code="a">10.1007/s11104--3070-3</subfield><subfield code="2">doi</subfield></datafield><datafield tag="035" ind1=" " ind2=" "><subfield code="a">agid:5724175-01nal_inst</subfield></datafield><datafield tag="040" ind1=" " ind2=" "><subfield code="a">AGL</subfield><subfield code="b">eng</subfield><subfield code="c">AGL</subfield></datafield><datafield tag="100" ind1="1" ind2=" "><subfield code="a">Bhuiyan, Rabbil</subfield><subfield code="e">author</subfield></datafield><datafield tag="245" ind1="1" ind2="0"><subfield code="a">Estimating fine-root production by tree species and understorey functional groups in two contrasting peatland forests</subfield></datafield><datafield tag="300" ind1=" " ind2=" "><subfield code="a">p. 299-316.</subfield></datafield><datafield tag="500" ind1=" " ind2=" "><subfield code="a">2019-12-06</subfield></datafield><datafield tag="520" ind1=" " ind2=" "><subfield code="a">BACKGROUND AND AIMS: Estimation of root-mediated carbon fluxes in forested peatlands is needed for understanding ecosystem functioning and supporting greenhouse gas inventories. Here, we aim to determine the optimal methodology for utilizing ingrowth cores in estimating annual fine-root production (FRP) and its vertical distribution in trees, shrubs and herbs. METHODS: We used 3-year data obtained with modified ingrowth core method and tested two calculation methods: ‘ingrowth-dividing’ and ‘ingrowth-subtracting’. RESULTS: The ingrowth-dividing method combined with a 2-year incubation of ingrowth cores can be used for the ‘best estimate’ of FRP. The FRP in the nutrient-rich fen forest (561 g m⁻²) was more than twice that in the nutrient-poor bog forest (244 g m⁻²). Most FRP occurred in the top 20-cm layer (76–82 %). Tree FRP accounted for 71 % of total FRP in the bog and 94 % in the fen forests, respectively, following the above-ground vegetation patterns; however, in fen forest the proportions of spruce and birch in FRP were higher than their proportions in stand basal area. CONCLUSIONS: Our methodology may be used to study peatland FRP patterns more widely and will reduce the volume of labour-intensive work, but will benefit from verification with other methods, as is the case in all in situ FRP studies.</subfield></datafield><datafield tag="592" ind1=" " ind2=" "><subfield code="a">Publisher supplied data</subfield></datafield><datafield tag="593" ind1=" " ind2=" "><subfield code="a">PubAg article</subfield></datafield><datafield tag="650" ind1=" " ind2="3"><subfield code="a">herbs</subfield></datafield><datafield tag="650" ind1=" " ind2="3"><subfield code="a">forests</subfield></datafield><datafield tag="650" ind1=" " ind2="3"><subfield code="a">shrubs</subfield></datafield><datafield tag="650" ind1=" " ind2="3"><subfield code="a">spatial distribution</subfield></datafield><datafield tag="650" ind1=" " ind2="3"><subfield code="a">peatlands</subfield></datafield><datafield tag="650" ind1=" " ind2="3"><subfield code="a">fine roots</subfield></datafield><datafield tag="650" ind1=" " ind2="3"><subfield code="a">trees</subfield></datafield><datafield tag="650" ind1=" " ind2="3"><subfield code="a">carbon</subfield></datafield><datafield tag="650" ind1=" " ind2="3"><subfield code="a">Picea</subfield></datafield><datafield tag="650" ind1=" " ind2="3"><subfield code="a">Betula</subfield></datafield><datafield tag="650" ind1=" " ind2="3"><subfield code="a">stand basal area</subfield></datafield><datafield tag="650" ind1=" " ind2="3"><subfield code="a">understory</subfield></datafield><datafield tag="650" ind1=" " ind2="3"><subfield code="a">carbon footprint</subfield></datafield><datafield tag="653" ind1=" " ind2="0"><subfield code="a">basal area</subfield></datafield><datafield tag="700" ind1="1" ind2=" "><subfield code="a">Minkkinen, Kari</subfield><subfield code="e">author</subfield></datafield><datafield tag="700" ind1="1" ind2=" "><subfield code="a">Helmisaari, Heljä-Sisko</subfield><subfield code="e">author</subfield></datafield><datafield tag="700" ind1="1" ind2=" "><subfield code="a">Ojanen, Paavo</subfield><subfield code="e">author</subfield></datafield><datafield tag="700" ind1="1" ind2=" "><subfield code="a">Penttilä, Timo</subfield><subfield code="e">author</subfield></datafield><datafield tag="700" ind1="1" ind2=" "><subfield code="a">Laiho, Raija</subfield><subfield code="e">author</subfield></datafield><datafield tag="773" ind1="0" ind2=" "><subfield code="t">Plant and soil.</subfield><subfield code="g">2017 Mar., v. 412, no. 1-2 p.299-316</subfield><subfield code="d">Springer International Publishing</subfield><subfield code="x">0032-079X</subfield><subfield code="7">nnas</subfield></datafield><datafield tag="787" ind1="1" ind2=" "><subfield code="o">islandora_article_repository</subfield></datafield><datafield tag="787" ind1="1" ind2=" "><subfield code="o">product_pubag</subfield></datafield><datafield tag="787" ind1="1" ind2=" "><subfield code="o">(Journal)jnl49373</subfield></datafield><datafield tag="856" ind1="4" ind2="0"><subfield code="u">http://dx.doi.org/10.1007/s11104--3070-3</subfield><subfield code="3">Available from publisher's site</subfield></datafield><datafield tag="912" ind1=" " ind2=" "><subfield code="a">Article</subfield></datafield><datafield tag="914" ind1=" " ind2=" "><subfield code="a">Journal:jnl49373</subfield><subfield code="b">0032-079X</subfield><subfield code="c">412</subfield><subfield code="d">1-2</subfield><subfield code="e">299</subfield></datafield><datafield tag="914" ind1=" " ind2=" "><subfield code="f">Plant and soil</subfield></datafield><datafield tag="916" ind1=" " ind2=" "><subfield code="a">Batch:1790</subfield></datafield><datafield tag="917" ind1=" " ind2=" "><subfield code="a">issued</subfield></datafield><datafield tag="918" ind1="2" ind2=" "><subfield code="a">Springer</subfield><subfield code="e">provider</subfield><subfield code="5">DNAL</subfield></datafield><datafield tag="935" ind1=" " ind2=" "><subfield code="a">IND605724175</subfield><subfield code="9">ExL</subfield></datafield><datafield tag="949" ind1=" " ind2=" "><subfield code="a">2017-08-10</subfield></datafield><datafield tag="953" ind1=" " ind2=" "><subfield code="a">ftp_PUB_17-04-11_05-47-36.zip</subfield></datafield><datafield tag="962" ind1=" " ind2=" "><subfield code="a">Journal title changed from 'Plant Soil'</subfield></datafield><datafield tag="962" ind1=" " ind2=" "><subfield code="a">Batch:1790 reviewed on 2017-08-10T11:00:02Z</subfield></datafield><datafield tag="974" ind1=" " ind2=" "><subfield code="a">agid:5724175</subfield></datafield><datafield tag="983" ind1=" " ind2=" "><subfield code="a">2017-07-17</subfield></datafield><datafield tag="984" ind1=" " ind2=" "><subfield code="a">2017-08-10</subfield></datafield></record>