<record><leader>04186nab a2200565 u 4500</leader><controlfield tag="001">9916114521507426</controlfield><controlfield tag="005">20221117162642.0</controlfield><controlfield tag="008">210520e202105 xx |||||o|||||||||||eng||</controlfield><datafield tag="" ind1="7" ind2=" "><subfield code="a">IND607379425</subfield><subfield code="2">DNAL</subfield></datafield><datafield tag="024" ind1="7" ind2=" "><subfield code="a">10.1111/btp.12941</subfield><subfield code="2">doi</subfield></datafield><datafield tag="035" ind1=" " ind2=" "><subfield code="a">agid:7379425-01nal_inst</subfield></datafield><datafield tag="040" ind1=" " ind2=" "><subfield code="a">AGL</subfield><subfield code="b">eng</subfield><subfield code="c">AGL</subfield></datafield><datafield tag="100" ind1="1" ind2=" "><subfield code="a">Quijano‐Cuervo, Luis G.</subfield><subfield code="e">author</subfield><subfield code="u">Red de Ecología Funcional, Instituto de Ecología A.C., Xalapa, México</subfield><subfield code="1">https://orcid.org/0000-0001-5434-8588</subfield></datafield><datafield tag="245" ind1="1" ind2="0"><subfield code="a">Spatial relationships between spiders and their host vascular epiphytes within shade trees in a Mexican coffee plantation</subfield></datafield><datafield tag="300" ind1=" " ind2=" "><subfield code="a">p. 954-965.</subfield></datafield><datafield tag="500" ind1=" " ind2=" "><subfield code="a">NAL-AP-2-clean</subfield></datafield><datafield tag="500" ind1=" " ind2=" "><subfield code="a">JOURNAL ARTICLE</subfield></datafield><datafield tag="520" ind1=" " ind2=" "><subfield code="a">Within tree canopies, vascular epiphytes create habitats for other taxa, and their heterogeneous spatial distribution could affect the distribution of organisms associated with them, such as spiders. This study was performed in shade trees of a rustic coffee plantation located within a Tropical Cloud Forest region of Mexico. We used a spatially explicit approach to examine (1) if the richness and abundance of epiphyte‐dwelling spiders have a positive association with epiphyte abundance within trees and (2) if spiders (richness and abundance) show the same patterns of spatial distribution as the epiphytic habitat. We found that spiders were distributed on gradients of the same type as their host epiphytes. These gradients were a decrease from the center toward the edges of the tree and a decrease from the base of the trunk toward the canopy. Spiders also had aggregation patches with similar dimensions to those exhibited by their host epiphytes. Those spiders' patches were fully explained when their epiphytic habitat was also aggregated within trees. Spatial models suggested that epiphytes and spiders were also spatially structured at scales larger than a tree and smaller than an epiphyte mat. Our findings demonstrate that the spatial distribution of epiphyte‐dwelling spider communities, may partly be explained by the distribution patterns of their host plants. However, other environmental and biotic factors, not associated with epiphyte communities, are likely to be responsible for the remaining spatial patterns of spider distribution. Abstract in Spanish is available with online material.</subfield></datafield><datafield tag="592" ind1=" " ind2=" "><subfield code="a">Publisher supplied data</subfield></datafield><datafield tag="593" ind1=" " ind2=" "><subfield code="a">PubAg article</subfield></datafield><datafield tag="596" ind1=" " ind2=" "><subfield code="a">636203</subfield><subfield code="c">Consejo Nacional de Ciencia y Tecnología</subfield></datafield><datafield tag="650" ind1=" " ind2="3"><subfield code="a">canopy</subfield></datafield><datafield tag="650" ind1=" " ind2="3"><subfield code="a">epiphytes</subfield></datafield><datafield tag="650" ind1=" " ind2="3"><subfield code="a">habitats</subfield></datafield><datafield tag="650" ind1=" " ind2="3"><subfield code="a">spiders</subfield></datafield><datafield tag="650" ind1=" " ind2="3"><subfield code="a">tropical montane cloud forests</subfield></datafield><datafield tag="651" ind1=" " ind2="3"><subfield code="a">Mexico</subfield></datafield><datafield tag="700" ind1="1" ind2=" "><subfield code="a">Méndez‐Castro, Francisco Emmanuel</subfield><subfield code="e">author</subfield><subfield code="u">Institute of Botany, The Czech Academy of Sciences, Třeboň, Czech Republic</subfield><subfield code="1">https://orcid.org/0000-0002-8926-2490</subfield></datafield><datafield tag="700" ind1="1" ind2=" "><subfield code="a">Rao, Dinesh</subfield><subfield code="e">author</subfield><subfield code="u">Instituto de Biotecnología y Ecología Aplicada (INBIOTECA), Universidad Veracruzana, Xalapa, México</subfield><subfield code="1">https://orcid.org/0000-0002-1900-7742</subfield></datafield><datafield tag="700" ind1="1" ind2=" "><subfield code="a">Escobar Sarria, Federico</subfield><subfield code="e">author</subfield><subfield code="u">Red de Ecoetología, Instituto de Ecología A.C., Xalapa, México</subfield><subfield code="1">https://orcid.org/0000-0003-0179-7528</subfield></datafield><datafield tag="700" ind1="1" ind2=" "><subfield code="a">Negrete‐Yankelevich, Simoneta</subfield><subfield code="e">author</subfield><subfield code="u">Red de Ecología Funcional, Instituto de Ecología A.C., Xalapa, México</subfield><subfield code="1">https://orcid.org/0000-0002-4429-6662</subfield></datafield><datafield tag="773" ind1="0" ind2=" "><subfield code="t">Biotropica.</subfield><subfield code="g">2021 May, v. 53, no. 3 p.954-965</subfield><subfield code="d">John Wiley &amp; Sons, Ltd</subfield><subfield code="w">Journal:jnl45461</subfield><subfield code="x">0006-3606</subfield><subfield code="7">nnas</subfield></datafield><datafield tag="787" ind1="1" ind2=" "><subfield code="o">islandora_article_repository</subfield></datafield><datafield tag="787" ind1="1" ind2=" "><subfield code="o">product_pubag</subfield></datafield><datafield tag="787" ind1="1" ind2=" "><subfield code="o">(Journal)jnl45461</subfield></datafield><datafield tag="856" ind1="4" ind2="0"><subfield code="u">http://dx.doi.org/10.1111/btp.12941</subfield><subfield code="3">Available from publisher's site</subfield></datafield><datafield tag="912" ind1=" " ind2=" "><subfield code="a">Article</subfield></datafield><datafield tag="914" ind1=" " ind2=" "><subfield code="a">Journal:jnl45461</subfield><subfield code="b">0006-3606</subfield><subfield code="c">53</subfield><subfield code="d">3</subfield><subfield code="e">954</subfield></datafield><datafield tag="914" ind1=" " ind2=" "><subfield code="f">Biotropica</subfield></datafield><datafield tag="916" ind1=" " ind2=" "><subfield code="a">Batch:10123</subfield></datafield><datafield tag="917" ind1=" " ind2=" "><subfield code="a">issued</subfield></datafield><datafield tag="918" ind1="2" ind2=" "><subfield code="a">John Wiley &amp; Sons, Inc</subfield><subfield code="e">provider</subfield><subfield code="5">DNAL</subfield></datafield><datafield tag="935" ind1=" " ind2=" "><subfield code="a">IND607379425</subfield><subfield code="9">ExL</subfield></datafield><datafield tag="949" ind1=" " ind2=" "><subfield code="a">2021-07-26</subfield></datafield><datafield tag="953" ind1=" " ind2=" "><subfield code="a">/data/metadata/incoming/wiley/00063606_2021_53_3.xml</subfield></datafield><datafield tag="954" ind1=" " ind2=" "><subfield code="a">file:/data/metadata/staging/wiley/00063606_2021_53_3.xml</subfield></datafield><datafield tag="955" ind1=" " ind2=" "><subfield code="a">/data/metadata/staging/wiley/</subfield></datafield><datafield tag="974" ind1=" " ind2=" "><subfield code="a">agid:7379425</subfield></datafield><datafield tag="983" ind1=" " ind2=" "><subfield code="a">2021-05-20</subfield></datafield><datafield tag="984" ind1=" " ind2=" "><subfield code="a">2021-07-26</subfield></datafield></record>