<record><leader>01340nab a2200445 u 4500</leader><controlfield tag="001">9916114579907426</controlfield><controlfield tag="005">20221120064004.0</controlfield><controlfield tag="008">870904e198706 xx |||||o|||||||||||eng||</controlfield><datafield tag="" ind1="7" ind2=" "><subfield code="a">ADL87054645</subfield><subfield code="2">DNAL</subfield></datafield><datafield tag="035" ind1=" " ind2=" "><subfield code="a">agid:1937581-01nal_inst</subfield></datafield><datafield tag="040" ind1=" " ind2=" "><subfield code="a">AGL</subfield><subfield code="b">eng</subfield><subfield code="c">AGL</subfield></datafield><datafield tag="100" ind1="1" ind2=" "><subfield code="a">Meagher, R.L. Jr.</subfield></datafield><datafield tag="245" ind1="1" ind2="0"><subfield code="a">Within-tree spatial patterns of Platynota idaeusalis (Lepidoptera: Tortricidae) on two apple cultivars</subfield></datafield><datafield tag="300" ind1=" " ind2=" "><subfield code="a">p. 786-790.</subfield></datafield><datafield tag="650" ind1=" " ind2="3"><subfield code="a">Malus domestica</subfield></datafield><datafield tag="650" ind1=" " ind2="3"><subfield code="a">cultivars</subfield></datafield><datafield tag="650" ind1=" " ind2="3"><subfield code="a">Platynota idaeusalis</subfield></datafield><datafield tag="650" ind1=" " ind2="3"><subfield code="a">ova</subfield></datafield><datafield tag="650" ind1=" " ind2="3"><subfield code="a">larvae</subfield></datafield><datafield tag="650" ind1=" " ind2="3"><subfield code="a">sampling</subfield></datafield><datafield tag="651" ind1=" " ind2="3"><subfield code="a">Pennsylvania</subfield></datafield><datafield tag="653" ind1=" " ind2="0"><subfield code="a">patterns</subfield></datafield><datafield tag="653" ind1=" " ind2="0"><subfield code="a">distribution</subfield></datafield><datafield tag="700" ind1="1" ind2=" "><subfield code="a">Hull, L.A.</subfield></datafield><datafield tag="773" ind1="0" ind2=" "><subfield code="t">Environmental entomology.</subfield><subfield code="g">1987 June, v. 16, no. 3 p.786-790</subfield><subfield code="x">0046-225X</subfield><subfield code="7">nnas</subfield></datafield><datafield tag="787" ind1="1" ind2=" "><subfield code="o">islandora_article_repository</subfield></datafield><datafield tag="787" ind1="1" ind2=" "><subfield code="o">(Journal)jnl3243</subfield></datafield><datafield tag="852" ind1=" " ind2=" "><subfield code="a">DNAL</subfield></datafield><datafield tag="912" ind1=" " ind2=" "><subfield code="a">Article</subfield></datafield><datafield tag="914" ind1=" " ind2=" "><subfield code="a">Journal:jnl3243</subfield></datafield><datafield tag="914" ind1=" " ind2=" "><subfield code="f">Environ Entomol</subfield></datafield><datafield tag="917" ind1=" " ind2=" "><subfield code="a">issued</subfield></datafield><datafield tag="935" ind1=" " ind2=" "><subfield code="a">ADL87054645</subfield><subfield code="9">ExL</subfield></datafield><datafield tag="939" ind1=" " ind2=" "><subfield code="a">00000000</subfield><subfield code="b">19870904</subfield><subfield code="c">00000000</subfield></datafield><datafield tag="946" ind1=" " ind2=" "><subfield code="a">Other US</subfield></datafield><datafield tag="952" ind1=" " ind2=" "><subfield code="a">00000000 19870904 00000000</subfield></datafield><datafield tag="974" ind1=" " ind2=" "><subfield code="a">agid:1937581</subfield></datafield><datafield tag="984" ind1=" " ind2=" "><subfield code="a">2015-01-01</subfield></datafield><datafield tag="985" ind1=" " ind2=" "><subfield code="a">Converted from MARCXML to MODS version 3.4 using MARC21slim2MODS3-4.xsl (Revision 1.95 2014/04/23)</subfield></datafield><datafield tag="986" ind1=" " ind2=" "><subfield code="a">2506525</subfield></datafield></record>