<record><leader>03161nab a2200625 u 4500</leader><controlfield tag="001">9916114802107426</controlfield><controlfield tag="005">20221122003537.0</controlfield><controlfield tag="008">080321e200805 xx |||||o|||||||||||eng||</controlfield><datafield tag="" ind1="7" ind2=" "><subfield code="a">IND44032144</subfield><subfield code="2">DNAL</subfield></datafield><datafield tag="024" ind1="7" ind2=" "><subfield code="a">10.1/j.agee.2007.12.004</subfield><subfield code="2">doi</subfield></datafield><datafield tag="035" ind1=" " ind2=" "><subfield code="a">agid:725285-01nal_inst</subfield></datafield><datafield tag="040" ind1=" " ind2=" "><subfield code="a">AGL</subfield><subfield code="b">eng</subfield><subfield code="c">AGL</subfield></datafield><datafield tag="072" ind1=" " ind2="0"><subfield code="a">F821</subfield></datafield><datafield tag="100" ind1="1" ind2=" "><subfield code="a">Teodoro, Adenir</subfield></datafield><datafield tag="245" ind1="1" ind2="0"><subfield code="a">Environmentally mediated coffee pest densities in relation to agroforestry management, using hierarchical partitioning analyses</subfield></datafield><datafield tag="300" ind1=" " ind2=" "><subfield code="a">p. 120-126.</subfield></datafield><datafield tag="500" ind1=" " ind2=" "><subfield code="a">Includes references</subfield></datafield><datafield tag="520" ind1=" " ind2=" "><subfield code="a">Understanding pest density patterns in the field is important to account for distinct environmental variables potentially influencing populations across different habitat types. Here, we assessed the relative importance of single environmental abiotic and biotic variables on densities of three major coffee pests, i.e., spider mites, leaf miners and berry borers, in simple, complex and abandoned agroforests of coastal Ecuador, using hierarchical partitioning methods. Most of the variation in spider mite and leaf miner densities was accounted for by the abiotic variables temperature and relative humidity, while agroforestry type, relative humidity and tree diversity were more important in explaining densities of berry borers. Furthermore, densities of spider mites and berry borers, but not leaf miners, were affected by agroforestry type, with lower densities in structurally complex agroforests. In conclusion, very different environmental variables influence coffee pest population density. Understanding such species density-environmental relationships provide insights on how to predict and manage populations in the field.</subfield></datafield><datafield tag="593" ind1=" " ind2=" "><subfield code="a">PubAg article</subfield></datafield><datafield tag="650" ind1=" " ind2="3"><subfield code="a">Coffea arabica</subfield></datafield><datafield tag="650" ind1=" " ind2="3"><subfield code="a">plant pests</subfield></datafield><datafield tag="650" ind1=" " ind2="3"><subfield code="a">population density</subfield></datafield><datafield tag="650" ind1=" " ind2="3"><subfield code="a">agroforestry</subfield></datafield><datafield tag="650" ind1=" " ind2="3"><subfield code="a">crop management</subfield></datafield><datafield tag="650" ind1=" " ind2="3"><subfield code="a">spatial variation</subfield></datafield><datafield tag="650" ind1=" " ind2="3"><subfield code="a">habitats</subfield></datafield><datafield tag="650" ind1=" " ind2="3"><subfield code="a">air temperature</subfield></datafield><datafield tag="650" ind1=" " ind2="3"><subfield code="a">relative humidity</subfield></datafield><datafield tag="650" ind1=" " ind2="3"><subfield code="a">Tetranychidae</subfield></datafield><datafield tag="650" ind1=" " ind2="3"><subfield code="a">insect pests</subfield></datafield><datafield tag="650" ind1=" " ind2="3"><subfield code="a">population dynamics</subfield></datafield><datafield tag="651" ind1=" " ind2="3"><subfield code="a">Ecuador</subfield></datafield><datafield tag="653" ind1=" " ind2="0"><subfield code="a">berry borers</subfield></datafield><datafield tag="700" ind1="1" ind2=" "><subfield code="a">Klein, Alexandra-Maria</subfield></datafield><datafield tag="700" ind1="1" ind2=" "><subfield code="a">Tscharntke, Teja</subfield></datafield><datafield tag="773" ind1="0" ind2=" "><subfield code="t">Agriculture, ecosystems &amp; environment.</subfield><subfield code="g">2008 May, v. 125, no. 1-4 p.120-126</subfield><subfield code="d">Elsevier</subfield><subfield code="x">7-8809</subfield><subfield code="7">nnas</subfield></datafield><datafield tag="787" ind1="1" ind2=" "><subfield code="o">islandora_article_repository</subfield></datafield><datafield tag="787" ind1="1" ind2=" "><subfield code="o">product_pubag</subfield></datafield><datafield tag="787" ind1="1" ind2=" "><subfield code="o">(Journal)jnl34709</subfield></datafield><datafield tag="852" ind1=" " ind2=" "><subfield code="a">DNAL</subfield></datafield><datafield tag="856" ind1="4" ind2="0"><subfield code="u">http://dx.doi.org/10.1/j.agee.2007.12.004</subfield><subfield code="3">Available from publisher's Web site</subfield></datafield><datafield tag="912" ind1=" " ind2=" "><subfield code="a">Article</subfield></datafield><datafield tag="914" ind1=" " ind2=" "><subfield code="a">Journal:jnl34709</subfield><subfield code="b">7-8809</subfield><subfield code="c">125</subfield><subfield code="d">1-4</subfield><subfield code="e">120</subfield></datafield><datafield tag="914" ind1=" " ind2=" "><subfield code="f">Agriculture, ecosystems &amp; environment</subfield></datafield><datafield tag="917" ind1=" " ind2=" "><subfield code="a">issued</subfield></datafield><datafield tag="930" ind1=" " ind2=" "><subfield code="a">20080709</subfield><subfield code="b">20080801</subfield><subfield code="c">00000000</subfield></datafield><datafield tag="935" ind1=" " ind2=" "><subfield code="a">IND44032144</subfield><subfield code="9">ExL</subfield></datafield><datafield tag="945" ind1=" " ind2=" "><subfield code="a">IND</subfield><subfield code="d">2CT</subfield><subfield code="e">2008/07/02</subfield></datafield><datafield tag="946" ind1=" " ind2=" "><subfield code="a">Non-US</subfield></datafield><datafield tag="949" ind1=" " ind2=" "><subfield code="a">2014-07-17</subfield></datafield><datafield tag="952" ind1=" " ind2=" "><subfield code="a">20080709 20080801 00000000</subfield><subfield code="b">IND 2CT 2008/07/02</subfield></datafield><datafield tag="974" ind1=" " ind2=" "><subfield code="a">agid:725285</subfield></datafield><datafield tag="984" ind1=" " ind2=" "><subfield code="a">2014-07-24</subfield></datafield><datafield tag="985" ind1=" " ind2=" "><subfield code="a">Converted from MARCXML to MODS version 3.4 using MARC21slim2MODS3-4.xsl (Revision 1.95 2014/04/23)</subfield></datafield><datafield tag="986" ind1=" " ind2=" "><subfield code="a">4032144</subfield></datafield></record>