<record><leader>04248nab a2200721 u 4500</leader><controlfield tag="001">9916114976607426</controlfield><controlfield tag="005">20221120030150.0</controlfield><controlfield tag="008">141014e201409 xx |||||o|||||||||||eng||</controlfield><datafield tag="" ind1="7" ind2=" "><subfield code="a">IND600817224</subfield><subfield code="2">DNAL</subfield></datafield><datafield tag="024" ind1="7" ind2=" "><subfield code="a">10.1007/s11284-014-1179-5</subfield><subfield code="2">doi</subfield></datafield><datafield tag="035" ind1=" " ind2=" "><subfield code="a">agid:817224-01nal_inst</subfield></datafield><datafield tag="040" ind1=" " ind2=" "><subfield code="a">AGL</subfield><subfield code="b">eng</subfield><subfield code="c">AGL</subfield></datafield><datafield tag="100" ind1="1" ind2=" "><subfield code="a">Segura, Amalia</subfield><subfield code="e">author</subfield><subfield code="u">Research Unit of Biodiversity (UO/CSIC/PA), University of Oviedo, Campus de Mieres, Edificio de Investigación V Planta, 33600, Mieres, Spain, amaliasegura@gmail.com</subfield></datafield><datafield tag="245" ind1="1" ind2="0"><subfield code="a">Divergent responses of flagship, keystone and resource-limited bio-indicators to forest structure</subfield></datafield><datafield tag="300" ind1=" " ind2=" "><subfield code="a">p. 925-936.</subfield></datafield><datafield tag="500" ind1=" " ind2=" "><subfield code="a">2019-12-06</subfield></datafield><datafield tag="520" ind1=" " ind2=" "><subfield code="a">Bio-indicators are often proposed to set conservation priorities in forest habitat owing to the difficulties of determining forest intrinsic ecological value. Here, we tested the efficacy of a number of potential bird indicator groups in monitoring beech Fagus sylvatica forest status by analyzing their associations with the spatial and structural variables of forest vegetation that indicate key ecological patterns and processes. The density of cavity nesting birds, indicating the presence of limited forest resources (resource-limited indicators), was influenced by tree species diversity, vertical species mingling and diameter, parameters reflecting maturity, gap-dynamic processes, as well as resource and shelter availability. Heterogeneity in shrub species composition, another parameter depending on forest dynamics, was positively associated with the occurrence of Capercaillie, a “flagship” species for forest conservation. The presence of woodpeckers, a “keystone” group that provides shelter and foraging substrate to other organisms, was positively affected by the basal area of standing dead trees that is indirectly associated with natural nutrient availability. These findings suggest that single indicators fail to provide a complete assessment of forest status, and their use in monitoring or managing forest ecosystem need to be contextualized to specific ecological patterns. The combined use of several indicators, representing various taxa, functions and life histories, appears to be preferable, and is logistically feasible if these can be surveyed together. Several indicators would likely display a wider range of sensitivities to the modification of natural processes and permit more comprehensive tracking of forest dynamics than single flagship, keystone or resource-limited indicators.</subfield></datafield><datafield tag="592" ind1=" " ind2=" "><subfield code="a">Publisher supplied data</subfield></datafield><datafield tag="593" ind1=" " ind2=" "><subfield code="a">PubAg article</subfield></datafield><datafield tag="650" ind1=" " ind2="3"><subfield code="a">ecological value</subfield></datafield><datafield tag="650" ind1=" " ind2="3"><subfield code="a">woodpeckers</subfield></datafield><datafield tag="650" ind1=" " ind2="3"><subfield code="a">life history</subfield></datafield><datafield tag="650" ind1=" " ind2="3"><subfield code="a">forest resources</subfield></datafield><datafield tag="650" ind1=" " ind2="3"><subfield code="a">shrubs</subfield></datafield><datafield tag="650" ind1=" " ind2="3"><subfield code="a">Tetrao urogallus</subfield></datafield><datafield tag="650" ind1=" " ind2="3"><subfield code="a">monitoring</subfield></datafield><datafield tag="650" ind1=" " ind2="3"><subfield code="a">indicator species</subfield></datafield><datafield tag="650" ind1=" " ind2="3"><subfield code="a">nutrient availability</subfield></datafield><datafield tag="650" ind1=" " ind2="3"><subfield code="a">dead wood</subfield></datafield><datafield tag="650" ind1=" " ind2="3"><subfield code="a">habitats</subfield></datafield><datafield tag="650" ind1=" " ind2="3"><subfield code="a">trees</subfield></datafield><datafield tag="650" ind1=" " ind2="3"><subfield code="a">foraging</subfield></datafield><datafield tag="650" ind1=" " ind2="3"><subfield code="a">species diversity</subfield></datafield><datafield tag="650" ind1=" " ind2="3"><subfield code="a">nesting</subfield></datafield><datafield tag="650" ind1=" " ind2="3"><subfield code="a">ecosystems</subfield></datafield><datafield tag="650" ind1=" " ind2="3"><subfield code="a">stand basal area</subfield></datafield><datafield tag="650" ind1=" " ind2="3"><subfield code="a">Fagus sylvatica</subfield></datafield><datafield tag="650" ind1=" " ind2="3"><subfield code="a">forests</subfield></datafield><datafield tag="653" ind1=" " ind2="0"><subfield code="a">basal area</subfield></datafield><datafield tag="700" ind1="1" ind2=" "><subfield code="a">Castaño-Santamaría, Javier</subfield><subfield code="e">author</subfield></datafield><datafield tag="700" ind1="1" ind2=" "><subfield code="a">Laiolo, Paola</subfield><subfield code="e">author</subfield></datafield><datafield tag="700" ind1="1" ind2=" "><subfield code="a">Obeso, José Ramón</subfield><subfield code="e">author</subfield></datafield><datafield tag="773" ind1="0" ind2=" "><subfield code="t">Ecological research.</subfield><subfield code="g">2014 Sept., v. 29, no. 5 p.925-936</subfield><subfield code="d">Springer-Verlag</subfield><subfield code="x">0912-3814</subfield><subfield code="7">nnas</subfield></datafield><datafield tag="787" ind1="1" ind2=" "><subfield code="o">islandora_article_repository</subfield></datafield><datafield tag="787" ind1="1" ind2=" "><subfield code="o">product_pubag</subfield></datafield><datafield tag="787" ind1="1" ind2=" "><subfield code="o">(Journal)jnl3870047</subfield></datafield><datafield tag="856" ind1="4" ind2="0"><subfield code="u">http://dx.doi.org/10.1007/s11284-014-1179-5</subfield><subfield code="3">Available from publisher's site</subfield></datafield><datafield tag="912" ind1=" " ind2=" "><subfield code="a">Article</subfield></datafield><datafield tag="914" ind1=" " ind2=" "><subfield code="a">Journal:jnl3870047</subfield><subfield code="b">0912-3814</subfield><subfield code="c">29</subfield><subfield code="d">5</subfield><subfield code="e">925</subfield></datafield><datafield tag="914" ind1=" " ind2=" "><subfield code="f">Ecological research</subfield></datafield><datafield tag="916" ind1=" " ind2=" "><subfield code="a">Batch:729</subfield></datafield><datafield tag="917" ind1=" " ind2=" "><subfield code="a">issued</subfield></datafield><datafield tag="918" ind1="2" ind2=" "><subfield code="a">Springer</subfield><subfield code="e">provider</subfield><subfield code="5">DNAL</subfield></datafield><datafield tag="935" ind1=" " ind2=" "><subfield code="a">IND600817224</subfield><subfield code="9">ExL</subfield></datafield><datafield tag="949" ind1=" " ind2=" "><subfield code="a">2014-12-15</subfield></datafield><datafield tag="953" ind1=" " ind2=" "><subfield code="a">ftp_PUB_14-09-18_05-27-28.zip</subfield></datafield><datafield tag="962" ind1=" " ind2=" "><subfield code="a">Journal title changed from 'Ecol Res'</subfield></datafield><datafield tag="962" ind1=" " ind2=" "><subfield code="a">Batch:729 annotated on 2014-12-05T09:32:05Z</subfield></datafield><datafield tag="962" ind1=" " ind2=" "><subfield code="a">Batch:729 reviewed on 2014-12-15T11:00:02Z</subfield></datafield><datafield tag="962" ind1=" " ind2=" "><subfield code="a">Batch:729 reviewed on 2014-12-15T16:00:02Z</subfield></datafield><datafield tag="974" ind1=" " ind2=" "><subfield code="a">agid:817224</subfield></datafield><datafield tag="983" ind1=" " ind2=" "><subfield code="a">2014-10-14</subfield></datafield><datafield tag="984" ind1=" " ind2=" "><subfield code="a">2014-10-14</subfield></datafield></record>