<record><leader>05065nab a2200925 u 4500</leader><controlfield tag="001">9916115005907426</controlfield><controlfield tag="005">20221120054056.0</controlfield><controlfield tag="008">181127e201811 xx |||||o|||||||||||eng||</controlfield><datafield tag="" ind1="7" ind2=" "><subfield code="a">IND606161748</subfield><subfield code="2">DNAL</subfield></datafield><datafield tag="024" ind1="7" ind2=" "><subfield code="a">10.1/j.apgeochem.2018.09.006</subfield><subfield code="2">doi</subfield></datafield><datafield tag="035" ind1=" " ind2=" "><subfield code="a">agid:6161748-01nal_inst</subfield></datafield><datafield tag="040" ind1=" " ind2=" "><subfield code="a">AGL</subfield><subfield code="b">eng</subfield><subfield code="c">AGL</subfield></datafield><datafield tag="100" ind1="1" ind2=" "><subfield code="a">Middleton, Maarit</subfield><subfield code="e">author</subfield><subfield code="u">Geological Survey of Finland, P.O. Box 77, 96101, Rovaniemi, Finland</subfield></datafield><datafield tag="245" ind1="1" ind2="0"><subfield code="a">Biogeochemical anomaly response of circumboreal shrubs and juniper to the Juomasuo hydrothermal Au-Co deposit in northern Finland</subfield></datafield><datafield tag="300" ind1=" " ind2=" "><subfield code="a">p. 141-151.</subfield></datafield><datafield tag="520" ind1=" " ind2=" "><subfield code="a">Tree tissue chemistry has proven successful in guiding advanced exploration in the early stages of mineral exploration projects in Arctic and subarctic regions. In this paper, the biogeochemical response of three circumboreal shrubs, crowberry (Empetrum nigrum L.), Labrador tea (Ledum palustre) and bilberry (Vaccinium myrtillus L.), and one conifer, common juniper (Juniperus communis L.), to the underlying hydrothermal Juomasuo Au-Co deposit was assessed in southeast Finnish Lapland. A variety of contrasting spatial multi-elemental anomaly patterns were found for the elements Au and Co, along with Fe, Th, U and rare earth elements, such as Ce, La and Nd, in different plant tissue types over the subcropping lodes and also deep (blind) mineralizations down to a depth of 200 m in two seasonally varying campaigns: in late summer (August) 2013 and early summer (June) 2014. Besides these elements verified by lithogeochemistry, Ag, Bi, Mo, Se, Te, W and Ni exhibited anomalous spatial patterns over the mineralization. Based on the Mann-Whitney-Wilcoxon test, the Au concentrations in twigs/stems of crowberry, bilberry, Labrador tea and common juniper over the mineralization were found to be higher than the background, but the evergreen species gave the most consistent response to the mineralization. This also applied to U, W and Mo, as well as Nd and several other rare earth elements. Using unsupervised clustering with self-organizing maps and k-means, the location of the underlying mineralized zones could be determined with high overall accuracy (70–90%). This indicates that the biogeochemical anomaly patterns over the Juomasuo sulphidic lodes are strong, and the deposit would have been detected from the biogeochemical data even without prior knowledge gained from a diamond drilling campaign. The sampled vascular species are widely distributed over the pan-Arctic and circumboreal terrains, thus demonstrating their considerable significance to mineral exploration for hydrothermal Au ores at northern latitudes.</subfield></datafield><datafield tag="592" ind1=" " ind2=" "><subfield code="a">Publisher supplied data</subfield></datafield><datafield tag="593" ind1=" " ind2=" "><subfield code="a">PubAg article</subfield></datafield><datafield tag="650" ind1=" " ind2="3"><subfield code="a">Empetrum nigrum</subfield></datafield><datafield tag="650" ind1=" " ind2="3"><subfield code="a">Juniperus communis</subfield></datafield><datafield tag="650" ind1=" " ind2="3"><subfield code="a">Rhododendron groenlandicum</subfield></datafield><datafield tag="650" ind1=" " ind2="3"><subfield code="a">Rhododendron tomentosum</subfield></datafield><datafield tag="650" ind1=" " ind2="3"><subfield code="a">Vaccinium myrtillus</subfield></datafield><datafield tag="650" ind1=" " ind2="3"><subfield code="a">bilberries</subfield></datafield><datafield tag="650" ind1=" " ind2="3"><subfield code="a">bismuth</subfield></datafield><datafield tag="650" ind1=" " ind2="3"><subfield code="a">branches</subfield></datafield><datafield tag="650" ind1=" " ind2="3"><subfield code="a">cobalt</subfield></datafield><datafield tag="650" ind1=" " ind2="3"><subfield code="a">conifers</subfield></datafield><datafield tag="650" ind1=" " ind2="3"><subfield code="a">drilling</subfield></datafield><datafield tag="650" ind1=" " ind2="3"><subfield code="a">evergreen trees</subfield></datafield><datafield tag="650" ind1=" " ind2="3"><subfield code="a">geochemistry</subfield></datafield><datafield tag="650" ind1=" " ind2="3"><subfield code="a">gold</subfield></datafield><datafield tag="650" ind1=" " ind2="3"><subfield code="a">iron</subfield></datafield><datafield tag="650" ind1=" " ind2="3"><subfield code="a">landscapes</subfield></datafield><datafield tag="650" ind1=" " ind2="3"><subfield code="a">latitude</subfield></datafield><datafield tag="650" ind1=" " ind2="3"><subfield code="a">mineralization</subfield></datafield><datafield tag="650" ind1=" " ind2="3"><subfield code="a">molybdenum</subfield></datafield><datafield tag="650" ind1=" " ind2="3"><subfield code="a">nickel</subfield></datafield><datafield tag="650" ind1=" " ind2="3"><subfield code="a">plant tissues</subfield></datafield><datafield tag="650" ind1=" " ind2="3"><subfield code="a">rare earth elements</subfield></datafield><datafield tag="650" ind1=" " ind2="3"><subfield code="a">selenium</subfield></datafield><datafield tag="650" ind1=" " ind2="3"><subfield code="a">shrubs</subfield></datafield><datafield tag="650" ind1=" " ind2="3"><subfield code="a">silver</subfield></datafield><datafield tag="650" ind1=" " ind2="3"><subfield code="a">summer</subfield></datafield><datafield tag="650" ind1=" " ind2="3"><subfield code="a">tellurium</subfield></datafield><datafield tag="650" ind1=" " ind2="3"><subfield code="a">thorium</subfield></datafield><datafield tag="650" ind1=" " ind2="3"><subfield code="a">uranium</subfield></datafield><datafield tag="651" ind1=" " ind2="3"><subfield code="a">Arctic region</subfield></datafield><datafield tag="651" ind1=" " ind2="3"><subfield code="a">Finland</subfield></datafield><datafield tag="651" ind1=" " ind2="3"><subfield code="a">Lapland</subfield></datafield><datafield tag="653" ind1=" " ind2="0"><subfield code="a">Biogeochemistry</subfield></datafield><datafield tag="653" ind1=" " ind2="0"><subfield code="a">Mineral exploration</subfield></datafield><datafield tag="653" ind1=" " ind2="0"><subfield code="a">Common juniper</subfield></datafield><datafield tag="653" ind1=" " ind2="0"><subfield code="a">Crowberry</subfield></datafield><datafield tag="653" ind1=" " ind2="0"><subfield code="a">Labrador tea</subfield></datafield><datafield tag="653" ind1=" " ind2="0"><subfield code="a">Gold</subfield></datafield><datafield tag="653" ind1=" " ind2="0"><subfield code="a">Cobalt</subfield></datafield><datafield tag="700" ind1="1" ind2=" "><subfield code="a">Torppa, Johanna</subfield><subfield code="e">author</subfield><subfield code="u">Geological Survey of Finland, P.O. Box 1237, 70211, Kuopio, Finland</subfield></datafield><datafield tag="700" ind1="1" ind2=" "><subfield code="a">Wäli, Piippa R.</subfield><subfield code="e">author</subfield><subfield code="u">Unit of Ecology and Genetics, University of Oulu, P.O. Box 8000, FI-90014, Finland</subfield></datafield><datafield tag="700" ind1="1" ind2=" "><subfield code="a">Sutinen, Raimo</subfield><subfield code="e">author</subfield><subfield code="u">Geological Survey of Finland, P.O. Box 77, 96101, Rovaniemi, Finland</subfield></datafield><datafield tag="773" ind1="0" ind2=" "><subfield code="t">Applied geochemistry.</subfield><subfield code="g">2018 Nov., v. 98 p.141-151</subfield><subfield code="d">Elsevier Ltd</subfield><subfield code="w">Journal:11912</subfield><subfield code="x">0883-2927</subfield><subfield code="7">nnas</subfield></datafield><datafield tag="787" ind1="1" ind2=" "><subfield code="o">islandora_article_repository</subfield></datafield><datafield tag="787" ind1="1" ind2=" "><subfield code="o">product_pubag</subfield></datafield><datafield tag="787" ind1="1" ind2=" "><subfield code="o">(Journal)11912</subfield></datafield><datafield tag="856" ind1="4" ind2="0"><subfield code="u">https://dx.doi.org/10.1/j.apgeochem.2018.09.006</subfield><subfield code="3">Available from publisher's site</subfield></datafield><datafield tag="912" ind1=" " ind2=" "><subfield code="a">Article</subfield></datafield><datafield tag="914" ind1=" " ind2=" "><subfield code="a">Journal:11912</subfield><subfield code="b">0883-2927</subfield><subfield code="c">98</subfield><subfield code="e">141</subfield></datafield><datafield tag="914" ind1=" " ind2=" "><subfield code="f">Applied geochemistry</subfield></datafield><datafield tag="916" ind1=" " ind2=" "><subfield code="a">Batch:2105</subfield></datafield><datafield tag="917" ind1=" " ind2=" "><subfield code="a">issued</subfield></datafield><datafield tag="918" ind1="2" ind2=" "><subfield code="a">Elsevier Consyn</subfield><subfield code="e">provider</subfield><subfield code="5">DNAL</subfield></datafield><datafield tag="935" ind1=" " ind2=" "><subfield code="a">IND606161748</subfield><subfield code="9">ExL</subfield></datafield><datafield tag="949" ind1=" " ind2=" "><subfield code="a">2018-12-07</subfield></datafield><datafield tag="953" ind1=" " ind2=" "><subfield code="a">/data/metadata/incoming/consyn/30-2-00005-HEAD-ONLY.zip</subfield></datafield><datafield tag="954" ind1=" " ind2=" "><subfield code="a">file:/data/metadata/staging/consyn/S0883292718302609.xml</subfield></datafield><datafield tag="955" ind1=" " ind2=" "><subfield code="a">/data/metadata/staging/consyn/</subfield></datafield><datafield tag="962" ind1=" " ind2=" "><subfield code="a">Batch:2105 reviewed on 2018-12-07T15:00:02Z</subfield></datafield><datafield tag="974" ind1=" " ind2=" "><subfield code="a">agid:6161748</subfield></datafield><datafield tag="983" ind1=" " ind2=" "><subfield code="a">2018-11-27</subfield></datafield><datafield tag="984" ind1=" " ind2=" "><subfield code="a">2018-12-07</subfield></datafield></record>