<record><leader>03624nab a2200553 u 4500</leader><controlfield tag="001">9916115427807426</controlfield><controlfield tag="005">20221123024311.0</controlfield><controlfield tag="008">141111e201103 xx |||||o|||||||||||eng||</controlfield><datafield tag="" ind1="7" ind2=" "><subfield code="a">IND44497488</subfield><subfield code="2">DNAL</subfield></datafield><datafield tag="024" ind1="7" ind2=" "><subfield code="a">10.1/j.flora.2010.11.002</subfield><subfield code="2">doi</subfield></datafield><datafield tag="035" ind1=" " ind2=" "><subfield code="a">agid:501023-01nal_inst</subfield></datafield><datafield tag="040" ind1=" " ind2=" "><subfield code="a">AGL</subfield><subfield code="b">eng</subfield><subfield code="c">AGL</subfield></datafield><datafield tag="100" ind1="1" ind2=" "><subfield code="a">de Assis, Rafael Leandro</subfield><subfield code="e">author</subfield><subfield code="u">Instituto Nacional de Pesquisas da Amazônia, Av. André Araújo 2936, 69060-001 Manaus, Brazil</subfield></datafield><datafield tag="245" ind1="1" ind2="0"><subfield code="a">Forest structure and tree species composition of the understory of two central Amazonian várzea forests of contrasting flood heights</subfield></datafield><datafield tag="300" ind1=" " ind2=" "><subfield code="a">p. 251-260.</subfield></datafield><datafield tag="520" ind1=" " ind2=" "><subfield code="a">We investigated species composition, distribution, and forest structure of understory trees (≥1m height, &lt;10cm diameter at breast height) in two late-successional várzea forests subject to contrasting levels of inundation within the Mamirauá Sustainable Development Reserve, western Brazilian Amazon, and compared it with the overstory flora at the same study sites. In total, 1486 individuals and 116 woody species were recorded on an area totaling 3140m². Individual densities and tree species richness were considerably higher in the high várzea than in the low várzea, which suggests that the heights and durations of the annual inundations are the main factor limiting species regeneration. In addition, approximately one third of the recorded species with densities ≥8 individuals showed regular or random spatial distribution patterns, which suggests that floodwaters act on dispersal strategies and species establishment. Independent of the forest type, floristic similarity between the understory and the overstory amounted to approximately 35%, and to approximately 10% when compared to other understory inventories in Amazonian várzea. Although the inventoried area of the understory amounted to only 16% of that of the overstory, species richness accounted for approximately 52–56% of that of the overstory. The results indicate that the understory flora of várzea forests is distinct and that it significantly increases local tree species richness. The understory flora of várzea forests therefore should be addressed in floristic inventories that provide the basis for regional and/or basin-wide estimations of tree diversity.</subfield></datafield><datafield tag="592" ind1=" " ind2=" "><subfield code="a">Publisher supplied data</subfield></datafield><datafield tag="593" ind1=" " ind2=" "><subfield code="a">PubAg article</subfield></datafield><datafield tag="650" ind1=" " ind2="3"><subfield code="a">estimation</subfield></datafield><datafield tag="650" ind1=" " ind2="3"><subfield code="a">floods</subfield></datafield><datafield tag="650" ind1=" " ind2="3"><subfield code="a">flora</subfield></datafield><datafield tag="650" ind1=" " ind2="3"><subfield code="a">forest trees</subfield></datafield><datafield tag="650" ind1=" " ind2="3"><subfield code="a">forest types</subfield></datafield><datafield tag="650" ind1=" " ind2="3"><subfield code="a">inventories</subfield></datafield><datafield tag="650" ind1=" " ind2="3"><subfield code="a">overstory</subfield></datafield><datafield tag="650" ind1=" " ind2="3"><subfield code="a">spatial distribution</subfield></datafield><datafield tag="650" ind1=" " ind2="3"><subfield code="a">species diversity</subfield></datafield><datafield tag="650" ind1=" " ind2="3"><subfield code="a">understory</subfield></datafield><datafield tag="651" ind1=" " ind2="3"><subfield code="a">Amazonia</subfield></datafield><datafield tag="700" ind1="1" ind2=" "><subfield code="a">Wittmann, Florian</subfield><subfield code="e">author</subfield><subfield code="u">Max Planck Institute for Chemistry, Biogeochemistry Department, Johann J. Becher-Weg 27, 55128 Mainz, Germany</subfield></datafield><datafield tag="773" ind1="0" ind2=" "><subfield code="t">Flora.</subfield><subfield code="g">2011 Mar., v. 206, no. 3 p.251-260</subfield><subfield code="d">Elsevier GmbH</subfield><subfield code="x">0367-2530</subfield><subfield code="7">nnas</subfield></datafield><datafield tag="787" ind1="1" ind2=" "><subfield code="o">islandora_article_repository</subfield></datafield><datafield tag="787" ind1="1" ind2=" "><subfield code="o">product_pubag</subfield></datafield><datafield tag="787" ind1="1" ind2=" "><subfield code="o">(Journal)jnl51878</subfield></datafield><datafield tag="856" ind1="4" ind2="0"><subfield code="u">http://dx.doi.org/10.1/j.flora.2010.11.002</subfield><subfield code="3">Available from publisher's site</subfield></datafield><datafield tag="912" ind1=" " ind2=" "><subfield code="a">Article</subfield></datafield><datafield tag="914" ind1=" " ind2=" "><subfield code="a">Journal:jnl51878</subfield><subfield code="b">0367-2530</subfield><subfield code="c">206</subfield><subfield code="d">3</subfield><subfield code="e">251</subfield></datafield><datafield tag="914" ind1=" " ind2=" "><subfield code="f">Flora</subfield></datafield><datafield tag="917" ind1=" " ind2=" "><subfield code="a">issued</subfield></datafield><datafield tag="918" ind1="2" ind2=" "><subfield code="a">Elsevier B.V.</subfield><subfield code="e">provider</subfield><subfield code="5">DNAL</subfield></datafield><datafield tag="935" ind1=" " ind2=" "><subfield code="a">IND44497488</subfield><subfield code="9">ExL</subfield></datafield><datafield tag="949" ind1=" " ind2=" "><subfield code="a">2013-03-04</subfield></datafield><datafield tag="953" ind1=" " ind2=" "><subfield code="a">NAL270000367253002060003.xml</subfield></datafield><datafield tag="962" ind1=" " ind2=" "><subfield code="a">Batch:16 annotated on 2012-07-12T17:47:37Z</subfield></datafield><datafield tag="962" ind1=" " ind2=" "><subfield code="a">Batch:16 reviewed on 2012-08-17T12:19:38Z</subfield></datafield><datafield tag="974" ind1=" " ind2=" "><subfield code="a">agid:501023</subfield></datafield><datafield tag="983" ind1=" " ind2=" "><subfield code="a">2014-11-11</subfield></datafield><datafield tag="984" ind1=" " ind2=" "><subfield code="a">2014-11-11</subfield></datafield><datafield tag="986" ind1=" " ind2=" "><subfield code="a">4497488</subfield></datafield></record>