<record><leader>03579nab a2200493 u 4500</leader><controlfield tag="001">9916115680707426</controlfield><controlfield tag="005">20221121013617.0</controlfield><controlfield tag="008">200324e20191218xx |||||o|||||||||||eng||</controlfield><datafield tag="" ind1="7" ind2=" "><subfield code="a">IND606792906</subfield><subfield code="2">DNAL</subfield></datafield><datafield tag="024" ind1="7" ind2=" "><subfield code="a">10.1515/hf-2019-0026</subfield><subfield code="2">doi</subfield></datafield><datafield tag="035" ind1=" " ind2=" "><subfield code="a">agid:6792906-01nal_inst</subfield></datafield><datafield tag="040" ind1=" " ind2=" "><subfield code="a">AGL</subfield><subfield code="b">eng</subfield><subfield code="c">AGL</subfield></datafield><datafield tag="100" ind1="1" ind2=" "><subfield code="a">Schimleck, Laurence R.</subfield><subfield code="e">author</subfield><subfield code="u">Department of Wood Science and Engineering, College of Forestry, Oregon State University, Corvallis, OR 97331 , USA</subfield><subfield code="1">https://orcid.org/0000-0003-1958-6059</subfield></datafield><datafield tag="245" ind1="1" ind2="0"><subfield code="a">Comparison of whole-tree wood property maps based on near-infrared spectroscopic calibrations utilizing data at different spatial resolutions</subfield></datafield><datafield tag="300" ind1=" " ind2=" "><subfield code="a">p. 20-32.</subfield></datafield><datafield tag="520" ind1=" " ind2=" "><subfield code="a">Near-infrared (NIR) spectra or NIR-hyperspectral images obtained from radial strips or wood discs provide a cost-effective methodology for examining wood property variation within trees. The calibration used for wood property prediction is critical and can be obtained using two fundamentally different approaches. One involves using a spatial-specific model where wood property data and corresponding spectral data are measured at the same resolution for calibration and prediction, e.g. 10-mm radial increments. The other provides a spatial-interpolated model and involves measuring a property on a broad-scale, e.g. whole-tree, calibrating this data against NIR spectra representing the equivalent scale and then using the calibration to predict the property at higher resolution. To understand the impact of these approaches on subsequent patterns of within-tree variation, whole-tree air-dry density (ADD) and coarseness maps, based on data obtained using the two different approaches, were compared. Patterns of ADD and coarseness variation were comparable indicating that both approaches can be utilized to examine within-tree variation. Spatial-interpolated models have a distinct advantage; being based on whole-tree (or disc) samples, they greatly reduce the cost of wood property analysis and allow the development of maps for properties that are costly and difficult to measure, for example, pulp yield.</subfield></datafield><datafield tag="592" ind1=" " ind2=" "><subfield code="a">Publisher supplied data</subfield></datafield><datafield tag="653" ind1=" " ind2="0"><subfield code="a">air-dry density</subfield></datafield><datafield tag="653" ind1=" " ind2="0"><subfield code="a">coarseness</subfield></datafield><datafield tag="653" ind1=" " ind2="0"><subfield code="a">loblolly pine</subfield></datafield><datafield tag="653" ind1=" " ind2="0"><subfield code="a">near-infrared spectroscopy</subfield></datafield><datafield tag="653" ind1=" " ind2="0"><subfield code="a">Pinus taeda</subfield></datafield><datafield tag="653" ind1=" " ind2="0"><subfield code="a">SilviScan</subfield></datafield><datafield tag="653" ind1=" " ind2="0"><subfield code="a">within-tree variation</subfield></datafield><datafield tag="653" ind1=" " ind2="0"><subfield code="a">wood property maps</subfield></datafield><datafield tag="700" ind1="1" ind2=" "><subfield code="a">Antony, Finto</subfield><subfield code="e">author</subfield><subfield code="u">Warnell School of Forestry and Natural Resources, University of Georgia, 180 E. Green Street , Athens, GA 30602, USA</subfield></datafield><datafield tag="700" ind1="1" ind2=" "><subfield code="a">Mora, Christian</subfield><subfield code="e">author</subfield><subfield code="u">Fibraconsult, Concepcion4030000 , Chile</subfield></datafield><datafield tag="700" ind1="1" ind2=" "><subfield code="a">Dahlen, Joseph</subfield><subfield code="e">author</subfield><subfield code="u">Warnell School of Forestry and Natural Resources, University of Georgia, 180 E. Green Street , Athens, GA 30602, USA</subfield></datafield><datafield tag="773" ind1="0" ind2=" "><subfield code="t">Holzforschung.</subfield><subfield code="g">2019 Dec. 18, v. 74, no. 1 p.20-32</subfield><subfield code="d">De Gruyter</subfield><subfield code="w">Journal:1940</subfield><subfield code="x">1437-434X</subfield><subfield code="7">nnas</subfield></datafield><datafield tag="787" ind1="1" ind2=" "><subfield code="o">islandora_article_repository</subfield></datafield><datafield tag="787" ind1="1" ind2=" "><subfield code="o">(Journal)1940</subfield></datafield><datafield tag="856" ind1="4" ind2="0"><subfield code="u">https://dx.doi.org/10.1515/hf-2019-0026</subfield><subfield code="3">Available from publisher's site</subfield></datafield><datafield tag="912" ind1=" " ind2=" "><subfield code="a">Article</subfield></datafield><datafield tag="914" ind1=" " ind2=" "><subfield code="a">Journal:1940</subfield><subfield code="b">1437-434X</subfield><subfield code="c">74</subfield><subfield code="d">1</subfield><subfield code="e">20</subfield></datafield><datafield tag="914" ind1=" " ind2=" "><subfield code="f">Holzforschung</subfield></datafield><datafield tag="917" ind1=" " ind2=" "><subfield code="a">review</subfield></datafield><datafield tag="918" ind1="2" ind2=" "><subfield code="a">De Gruyter Publishers</subfield><subfield code="e">provider</subfield><subfield code="5">DNAL</subfield></datafield><datafield tag="935" ind1=" " ind2=" "><subfield code="a">IND606792906</subfield><subfield code="9">ExL</subfield></datafield><datafield tag="953" ind1=" " ind2=" "><subfield code="a" >/data/metadata/incoming/degruyter/hfsg.2020.74.issue-1-1585060892118.zip</subfield></datafield><datafield tag="954" ind1=" " ind2=" "><subfield code="a">file:/data/metadata/staging/degruyter/hf-2019-0026.xml</subfield></datafield><datafield tag="955" ind1=" " ind2=" "><subfield code="a">/data/metadata/staging/degruyter/</subfield></datafield><datafield tag="974" ind1=" " ind2=" "><subfield code="a">agid:6792906</subfield></datafield><datafield tag="983" ind1=" " ind2=" "><subfield code="a">2020-03-24</subfield></datafield><datafield tag="984" ind1=" " ind2=" "><subfield code="a">2020-03-24</subfield></datafield></record>