<record><leader>03622nab a2200613 u 4500</leader><controlfield tag="001">9916116176507426</controlfield><controlfield tag="005">20221121173704.0</controlfield><controlfield tag="008">160419e205 xx |||||o|||||||||||eng||</controlfield><datafield tag="" ind1="7" ind2=" "><subfield code="a">IND605189901</subfield><subfield code="2">DNAL</subfield></datafield><datafield tag="024" ind1="7" ind2=" "><subfield code="a">10.1111/boj.12394</subfield><subfield code="2">doi</subfield></datafield><datafield tag="035" ind1=" " ind2=" "><subfield code="a">agid:5189901-01nal_inst</subfield></datafield><datafield tag="040" ind1=" " ind2=" "><subfield code="a">AGL</subfield><subfield code="b">eng</subfield><subfield code="c">AGL</subfield></datafield><datafield tag="100" ind1="1" ind2=" "><subfield code="a">Correa Ribeiro, Priciane</subfield><subfield code="e">author</subfield><subfield code="u">Departamento de Biologia Geral, Instituto de Ciências Biológicas, Universidade Federal de Minas Gerais, Belo Horizonte, Brazil</subfield></datafield><datafield tag="245" ind1="1" ind2="0"><subfield code="a">Species‐specific phylogeographical patterns and Pleistocene east–west divergence in Annona (Annonaceae) in the Brazilian Cerrado</subfield></datafield><datafield tag="300" ind1=" " ind2=" "><subfield code="a">p. 21-36.</subfield></datafield><datafield tag="520" ind1=" " ind2=" "><subfield code="a">The Brazilian Cerrado is the most diverse savanna in the world. Phylogeographical patterns for Cerrado tree species are relatively congruent; however, the causes of these patterns are not clear. Ours aims were to investigate phylogeographical patterns in two co‐distributed Annona spp. in the Cerrado and identify the factors responsible for their genetic structure. We sequenced non‐coding plastid DNA regions and estimated divergence times using a Bayesian Markov chain Monte Carlo method implemented in BEAST. Generalized linear mixed models (GLMMs) were used to relate genetic divergence with spatial, climatic and phytogeographic data. Annona crassiflora possessed only one haplotype, whereas A. coriacea possessed nine haplotypes constituting two groups: western and eastern. Haplotype diversification first occurred in the Pliocene; the split between eastern and western groups was dated to the Early Pleistocene. GLMMs detected a weak association of genetic distance with current climatic factors, represented mainly by precipitation in the warmest months. In A. coriacea, the north of central Cerrado (around Serra Geral de Goiás) is suggested as a putative Pleistocene refugium. The current climate and dispersal and local adaptation processes probably contribute to maintaining the east–west genetic structure in A. coriacea. Both Annona spp. show idiosyncratic population histories, reminiscent of the complex biogeography of the Cerrado.</subfield></datafield><datafield tag="592" ind1=" " ind2=" "><subfield code="a">Publisher supplied data</subfield></datafield><datafield tag="593" ind1=" " ind2=" "><subfield code="a">PubAg article</subfield></datafield><datafield tag="650" ind1=" " ind2="3"><subfield code="a">Annona crassiflora</subfield></datafield><datafield tag="650" ind1=" " ind2="3"><subfield code="a">Markov chain</subfield></datafield><datafield tag="650" ind1=" " ind2="3"><subfield code="a">Monte Carlo method</subfield></datafield><datafield tag="650" ind1=" " ind2="3"><subfield code="a">cerrado</subfield></datafield><datafield tag="650" ind1=" " ind2="3"><subfield code="a">climatic factors</subfield></datafield><datafield tag="650" ind1=" " ind2="3"><subfield code="a">genetic distance</subfield></datafield><datafield tag="650" ind1=" " ind2="3"><subfield code="a">genetic variation</subfield></datafield><datafield tag="650" ind1=" " ind2="3"><subfield code="a">haplotypes</subfield></datafield><datafield tag="650" ind1=" " ind2="3"><subfield code="a">models</subfield></datafield><datafield tag="650" ind1=" " ind2="3"><subfield code="a">phylogeography</subfield></datafield><datafield tag="650" ind1=" " ind2="3"><subfield code="a">phytogeography</subfield></datafield><datafield tag="650" ind1=" " ind2="3"><subfield code="a">plastid DNA</subfield></datafield><datafield tag="650" ind1=" " ind2="3"><subfield code="a">savannas</subfield></datafield><datafield tag="650" ind1=" " ind2="3"><subfield code="a">trees</subfield></datafield><datafield tag="700" ind1="1" ind2=" "><subfield code="a">Lemos‐Filho, José P.</subfield><subfield code="e">author</subfield></datafield><datafield tag="700" ind1="1" ind2=" "><subfield code="a">Oliveira Buzatti, Renata S.</subfield><subfield code="e">author</subfield></datafield><datafield tag="700" ind1="1" ind2=" "><subfield code="a">Lovato, Maria B.</subfield><subfield code="e">author</subfield></datafield><datafield tag="700" ind1="1" ind2=" "><subfield code="a">Heuertz, Myriam</subfield><subfield code="e">author</subfield></datafield><datafield tag="773" ind1="0" ind2=" "><subfield code="t">Botanical journal of the Linnean Society.</subfield><subfield code="g">2 May, v. 181, no. 1 p.21-36</subfield><subfield code="d">Academic Press.</subfield><subfield code="x">0024-4074</subfield><subfield code="7">nnas</subfield></datafield><datafield tag="787" ind1="1" ind2=" "><subfield code="o">islandora_article_repository</subfield></datafield><datafield tag="787" ind1="1" ind2=" "><subfield code="o">product_pubag</subfield></datafield><datafield tag="787" ind1="1" ind2=" "><subfield code="o">(Journal)jnl786</subfield></datafield><datafield tag="856" ind1="4" ind2="0"><subfield code="u">http://dx.doi.org/10.1111/boj.12394</subfield><subfield code="3">Available from publisher's site</subfield></datafield><datafield tag="912" ind1=" " ind2=" "><subfield code="a">Article</subfield></datafield><datafield tag="914" ind1=" " ind2=" "><subfield code="a">Journal:jnl786</subfield><subfield code="b">0024-4074</subfield><subfield code="c">181</subfield><subfield code="d">1</subfield><subfield code="e">21</subfield></datafield><datafield tag="914" ind1=" " ind2=" "><subfield code="f">Botanical journal of the Linnean Society</subfield></datafield><datafield tag="916" ind1=" " ind2=" "><subfield code="a">Batch:1499</subfield></datafield><datafield tag="917" ind1=" " ind2=" "><subfield code="a">issued</subfield></datafield><datafield tag="918" ind1="2" ind2=" "><subfield code="a">John Wiley &amp; Sons, Inc</subfield><subfield code="e">provider</subfield><subfield code="5">DNAL</subfield></datafield><datafield tag="935" ind1=" " ind2=" "><subfield code="a">IND605189901</subfield><subfield code="9">ExL</subfield></datafield><datafield tag="949" ind1=" " ind2=" "><subfield code="a">2-12-30</subfield></datafield><datafield tag="953" ind1=" " ind2=" "><subfield code="a">00244074_2_181_1.xml</subfield></datafield><datafield tag="962" ind1=" " ind2=" "><subfield code="a">Batch:1499 reviewed on 2-12-30T10:00:02Z</subfield></datafield><datafield tag="974" ind1=" " ind2=" "><subfield code="a">agid:5189901</subfield></datafield><datafield tag="983" ind1=" " ind2=" "><subfield code="a">2-04-19</subfield></datafield><datafield tag="984" ind1=" " ind2=" "><subfield code="a">2-12-30</subfield></datafield></record>