<record><leader>05636nab a2200697 u 4500</leader><controlfield tag="001">9916116205507426</controlfield><controlfield tag="005">20221121234048.0</controlfield><controlfield tag="008">220807e201811 xx |||||o|||||||||||eng||</controlfield><datafield tag="" ind1="7" ind2=" "><subfield code="a">IND607871451</subfield><subfield code="2">DNAL</subfield></datafield><datafield tag="024" ind1="7" ind2=" "><subfield code="a">10.1002/jwmg.21534</subfield><subfield code="2">doi</subfield></datafield><datafield tag="035" ind1=" " ind2=" "><subfield code="a">agid:7871451-01nal_inst</subfield></datafield><datafield tag="040" ind1=" " ind2=" "><subfield code="a">AGL</subfield><subfield code="b">eng</subfield><subfield code="c">AGL</subfield></datafield><datafield tag="100" ind1="1" ind2=" "><subfield code="a">Kurek, Katarzyna</subfield><subfield code="e">author</subfield><subfield code="u">Institute of Nature Conservation, Polish Academy of Sciences, al. A. Mickiewicza 33, 31–120 Kraków, Poland</subfield></datafield><datafield tag="245" ind1="1" ind2="0"><subfield code="a">Habitat use of the Aesculapian snake at different spatial scales</subfield></datafield><datafield tag="300" ind1=" " ind2=" "><subfield code="a">p. 1746-1755.</subfield></datafield><datafield tag="500" ind1=" " ind2=" "><subfield code="a">JOURNAL ARTICLE</subfield></datafield><datafield tag="520" ind1=" " ind2=" "><subfield code="a">At their range limits, animal populations are often small and endangered. Moreover, they may use habitats in different ways than core populations, making the determination of habitat requirements an important aspect for effective long‐term conservation of these populations. We assessed habitat requirements of the Aesculapian snake (Zamenis longissimus) in an isolated population at the northern limits of its range, southeastern Poland. We analyzed factors affecting the species’ distribution at different spatial scales. We used the area of its current distribution (22,754 ha) in Poland to analyze macrohabitat patterns at the landscape scale and used the area currently occupied by the largest local population (2,192 ha) to analyze macro‐ and microhabitat use. Additionally, at 25 sites delimited around individual and clusters of snake records (140.7 ha), we characterized the detailed forest composition. Landscape‐scale analyses confirmed the Aesculapian snake's preference for deciduous forest. At the medium spatial scale, anthropogenic macro‐ and microhabitat features had a positive effect on the presence and abundance of the species. Its distribution was positively associated with warm river valleys, and we recorded the highest numbers of snakes in areas with average annual temperatures between 5.95°C and 6.30°C. At a fine scale, the relative abundance of the Aesculapian snake was negatively associated with dense deciduous forest cover but positively associated with open broad‐leaf woodlands. To conserve northern populations of the Aesculapian snake, clearings should be maintained in forest stands, tree planting and natural succession should be reduced in open areas, and alder forests (Alnetum incanae) and small beech forest (Dentario glandulosae‐Fagetum) stands should be protected. Active conservation should include the creation of artificial reproduction sites and permanent rocky shelters to assist dispersal and connectivity among subpopulations. © 2018 The Wildlife Society.</subfield></datafield><datafield tag="592" ind1=" " ind2=" "><subfield code="a">Publisher supplied data</subfield></datafield><datafield tag="593" ind1=" " ind2=" "><subfield code="a">PubAg article</subfield></datafield><datafield tag="596" ind1=" " ind2=" "><subfield code="a">1609/521/IV/09</subfield><subfield code="c">EKOFUND</subfield></datafield><datafield tag="596" ind1=" " ind2=" "><subfield code="a">88/2009/OP/K/D</subfield><subfield code="c">Regional Fund for Environmental Protection and Water Management in Rzeszów</subfield></datafield><datafield tag="596" ind1=" " ind2=" "><subfield code="a">POIS.05.01.00‐00‐336/10‐00</subfield><subfield code="c">Coordination Centre for Environmental Projects (UE)</subfield></datafield><datafield tag="596" ind1=" " ind2=" "><subfield code="a">123/2012/Wn‐09/OP‐WK‐PS/D</subfield><subfield code="c">National Fund for Environmental Protection and Water Management</subfield></datafield><datafield tag="650" ind1=" " ind2="3"><subfield code="a">Fagus</subfield></datafield><datafield tag="650" ind1=" " ind2="3"><subfield code="a">deciduous forests</subfield></datafield><datafield tag="650" ind1=" " ind2="3"><subfield code="a">habitat preferences</subfield></datafield><datafield tag="650" ind1=" " ind2="3"><subfield code="a">landscapes</subfield></datafield><datafield tag="650" ind1=" " ind2="3"><subfield code="a">microhabitats</subfield></datafield><datafield tag="650" ind1=" " ind2="3"><subfield code="a">reproduction</subfield></datafield><datafield tag="650" ind1=" " ind2="3"><subfield code="a">rivers</subfield></datafield><datafield tag="650" ind1=" " ind2="3"><subfield code="a">snakes</subfield></datafield><datafield tag="650" ind1=" " ind2="3"><subfield code="a">trees</subfield></datafield><datafield tag="650" ind1=" " ind2="3"><subfield code="a">wildlife management</subfield></datafield><datafield tag="651" ind1=" " ind2="3"><subfield code="a">Poland</subfield></datafield><datafield tag="700" ind1="1" ind2=" "><subfield code="a">Król, Wiesław</subfield><subfield code="e">author</subfield><subfield code="u">Institute of Nature Conservation, Polish Academy of Sciences, al. A. Mickiewicza 33, 31–120 Kraków, Poland</subfield></datafield><datafield tag="700" ind1="1" ind2=" "><subfield code="a">Najberek, Kamil</subfield><subfield code="e">author</subfield><subfield code="u">Institute of Nature Conservation, Polish Academy of Sciences, al. A. Mickiewicza 33, 31–120 Kraków, Poland</subfield></datafield><datafield tag="700" ind1="1" ind2=" "><subfield code="a">Ćmiel, Adam M.</subfield><subfield code="e">author</subfield><subfield code="u">Institute of Nature Conservation, Polish Academy of Sciences, al. A. Mickiewicza 33, 31–120 Kraków, Poland</subfield></datafield><datafield tag="700" ind1="1" ind2=" "><subfield code="a">Solarz, Wojciech</subfield><subfield code="e">author</subfield><subfield code="u">Institute of Nature Conservation, Polish Academy of Sciences, al. A. Mickiewicza 33, 31–120 Kraków, Poland</subfield></datafield><datafield tag="700" ind1="1" ind2=" "><subfield code="a">Bury, Stanisław</subfield><subfield code="e">author</subfield><subfield code="u">Institute of Environmental Sciences, Jagiellonian University in Kraków, Gronostajowa 7, 30–387 Kraków, Poland</subfield></datafield><datafield tag="700" ind1="1" ind2=" "><subfield code="a">Baś, Grzegorz</subfield><subfield code="e">author</subfield><subfield code="u">Institute of Nature Conservation, Polish Academy of Sciences, al. A. Mickiewicza 33, 31–120 Kraków, Poland</subfield></datafield><datafield tag="700" ind1="1" ind2=" "><subfield code="a">Najbar, Bartłomiej</subfield><subfield code="e">author</subfield><subfield code="u">Faculty of Biological Sciences, University of Zielona Góra, prof. Z. Szafrana 1, 65‐516 Zielona Góra, Poland</subfield></datafield><datafield tag="700" ind1="1" ind2=" "><subfield code="a">Okarma, Henryk</subfield><subfield code="e">author</subfield><subfield code="u">Institute of Environmental Sciences, Jagiellonian University in Kraków, Gronostajowa 7, 30–387 Kraków, Poland</subfield></datafield><datafield tag="773" ind1="0" ind2=" "><subfield code="t">journal of wildlife management.</subfield><subfield code="g">2018 Nov., v. 82, no. 8 p.1746-1755</subfield><subfield code="d">John Wiley &amp; Sons, Ltd</subfield><subfield code="w">Journal:jnl46144</subfield><subfield code="x">0022-541X</subfield><subfield code="7">nnas</subfield></datafield><datafield tag="787" ind1="1" ind2=" "><subfield code="o">islandora_article_repository</subfield></datafield><datafield tag="787" ind1="1" ind2=" "><subfield code="o">product_pubag</subfield></datafield><datafield tag="787" ind1="1" ind2=" "><subfield code="o">(Journal)jnl46144</subfield></datafield><datafield tag="856" ind1="4" ind2="0"><subfield code="u">https://dx.doi.org/10.1002/jwmg.21534</subfield><subfield code="3">Available from publisher's site</subfield></datafield><datafield tag="912" ind1=" " ind2=" "><subfield code="a">Article</subfield></datafield><datafield tag="914" ind1=" " ind2=" "><subfield code="a">Journal:jnl46144</subfield><subfield code="b">0022-541X</subfield><subfield code="c">82</subfield><subfield code="d">8</subfield><subfield code="e">1746</subfield></datafield><datafield tag="914" ind1=" " ind2=" "><subfield code="f">journal of wildlife management</subfield></datafield><datafield tag="917" ind1=" " ind2=" "><subfield code="a">issued</subfield></datafield><datafield tag="918" ind1="2" ind2=" "><subfield code="a">John Wiley &amp; Sons, Inc</subfield><subfield code="e">provider</subfield><subfield code="5">DNAL</subfield></datafield><datafield tag="935" ind1=" " ind2=" "><subfield code="a">IND607871451</subfield><subfield code="9">ExL</subfield></datafield><datafield tag="949" ind1=" " ind2=" "><subfield code="a">2022-08-07</subfield></datafield><datafield tag="952" ind1=" " ind2=" "><subfield code="d">NAL-AP-2-clean</subfield></datafield><datafield tag="953" ind1=" " ind2=" "><subfield code="a">/data/metadata/incoming/wiley/0022541X_2018_82_8.xml</subfield></datafield><datafield tag="954" ind1=" " ind2=" "><subfield code="a">file:/data/metadata/staging/wiley/0022541X_2018_82_8.xml</subfield></datafield><datafield tag="955" ind1=" " ind2=" "><subfield code="a">/data/metadata/staging/wiley/</subfield></datafield><datafield tag="974" ind1=" " ind2=" "><subfield code="a">agid:7871451</subfield></datafield><datafield tag="983" ind1=" " ind2=" "><subfield code="a">2022-08-07</subfield></datafield><datafield tag="984" ind1=" " ind2=" "><subfield code="a">2022-08-07</subfield></datafield></record>