<record><leader>02722nab a2200505 u 4500</leader><controlfield tag="001">9916116421907426</controlfield><controlfield tag="005">20221120145450.0</controlfield><controlfield tag="008">080718e20080715xx |||||o|||||||||||eng||</controlfield><datafield tag="" ind1="7" ind2=" "><subfield code="a">IND44080749</subfield><subfield code="2">DNAL</subfield></datafield><datafield tag="024" ind1="7" ind2=" "><subfield code="a">10.1002/hyp.7075</subfield><subfield code="2">doi</subfield></datafield><datafield tag="035" ind1=" " ind2=" "><subfield code="a">agid:542365-01nal_inst</subfield></datafield><datafield tag="040" ind1=" " ind2=" "><subfield code="a">AGL</subfield><subfield code="b">eng</subfield><subfield code="c">AGL</subfield></datafield><datafield tag="100" ind1="1" ind2=" "><subfield code="a">Raaflaub, L.D.</subfield></datafield><datafield tag="245" ind1="1" ind2="0"><subfield code="a">Assessing factors that influence spatial variations in duff moisture</subfield></datafield><datafield tag="300" ind1=" " ind2=" "><subfield code="a">p. 2874-2883.</subfield></datafield><datafield tag="500" ind1=" " ind2=" "><subfield code="a">Includes references</subfield></datafield><datafield tag="520" ind1=" " ind2=" "><subfield code="a">Patterns and spatial variations in the moisture of the decomposing organic matter on the forest floor (the duff) of a montane forest were analysed in an effort to determine the primary factors shaping these patterns. Above and below canopy meteorological conditions were monitored to determine the influence of canopy cover on duff moisture. The spatial and temporal distributions of duff moisture were assessed through daily duff moisture measurements collected at regular intervals in ten 10 x 10 m plots representing a variety of canopy types and densities. Meteorological conditions ranged from very wet to very dry and resulted in duff moisture variations that were more pronounced during wet periods than in extended periods of drying. Investigations on the influence of canopy type, tree density, and tree proximity on duff moisture patterns indicated that canopy type and tree proximity are the most important factors affecting duff moisture. Interception seems to be the primary controller of duff moisture patterns with an influence at the centimetre scale.</subfield></datafield><datafield tag="593" ind1=" " ind2=" "><subfield code="a">PubAg article</subfield></datafield><datafield tag="650" ind1=" " ind2="3"><subfield code="a">canopy</subfield></datafield><datafield tag="650" ind1=" " ind2="3"><subfield code="a">forest litter</subfield></datafield><datafield tag="650" ind1=" " ind2="3"><subfield code="a">montane forests</subfield></datafield><datafield tag="650" ind1=" " ind2="3"><subfield code="a">organic matter</subfield></datafield><datafield tag="650" ind1=" " ind2="3"><subfield code="a">trees</subfield></datafield><datafield tag="700" ind1="1" ind2=" "><subfield code="a">Valeo, C.</subfield></datafield><datafield tag="773" ind1="0" ind2=" "><subfield code="t">Hydrological processes.</subfield><subfield code="g">2008 July 15, v. 22, no. 15 p.2874-2883</subfield><subfield code="d">John Wiley &amp; Sons, Ltd.</subfield><subfield code="x">0885-6087</subfield><subfield code="7">nnas</subfield></datafield><datafield tag="787" ind1="1" ind2=" "><subfield code="o">islandora_article_repository</subfield></datafield><datafield tag="787" ind1="1" ind2=" "><subfield code="o">product_pubag</subfield></datafield><datafield tag="787" ind1="1" ind2=" "><subfield code="o">(Journal)jnl3938466</subfield></datafield><datafield tag="852" ind1=" " ind2=" "><subfield code="a">DNAL</subfield></datafield><datafield tag="856" ind1="4" ind2="0"><subfield code="u">http://dx.doi.org/10.1002/hyp.7075</subfield></datafield><datafield tag="912" ind1=" " ind2=" "><subfield code="a">Article</subfield></datafield><datafield tag="914" ind1=" " ind2=" "><subfield code="a">Journal:jnl3938466</subfield><subfield code="b">0885-6087</subfield><subfield code="c">22</subfield><subfield code="d">15</subfield><subfield code="e">2874</subfield></datafield><datafield tag="914" ind1=" " ind2=" "><subfield code="f">Hydrological processes</subfield></datafield><datafield tag="917" ind1=" " ind2=" "><subfield code="a">issued</subfield></datafield><datafield tag="935" ind1=" " ind2=" "><subfield code="a">IND44080749</subfield><subfield code="9">ExL</subfield></datafield><datafield tag="949" ind1=" " ind2=" "><subfield code="a">2013-03-27</subfield></datafield><datafield tag="962" ind1=" " ind2=" "><subfield code="a">Copyright statement removed from abstract</subfield></datafield><datafield tag="962" ind1=" " ind2=" "><subfield code="a">Journal ISSN is 1099-1085</subfield></datafield><datafield tag="962" ind1=" " ind2=" "><subfield code="a">Batch:157 annotated on 2013-03-14T08:55:46Z</subfield></datafield><datafield tag="962" ind1=" " ind2=" "><subfield code="a">Batch:157 reviewed on 2013-03-27T10:00:02Z</subfield></datafield><datafield tag="962" ind1=" " ind2=" "><subfield code="a">Batch:157 reviewed on 2013-03-27T12:00:03Z</subfield></datafield><datafield tag="974" ind1=" " ind2=" "><subfield code="a">agid:542365</subfield></datafield><datafield tag="984" ind1=" " ind2=" "><subfield code="a">2008-08-02</subfield></datafield><datafield tag="985" ind1=" " ind2=" "><subfield code="a">Converted from MARCXML to MODS version 3.4 using MARC21slim2MODS3-4.xsl (Revision 1.77 2012/03/23)</subfield></datafield><datafield tag="986" ind1=" " ind2=" "><subfield code="a">4080749</subfield></datafield></record>