<record><leader>03979nab a2200613 u 4500</leader><controlfield tag="001">9916116516407426</controlfield><controlfield tag="005">20221121004222.0</controlfield><controlfield tag="008">180619e201804 xx |||||o|||||||||||eng||</controlfield><datafield tag="" ind1="7" ind2=" "><subfield code="a">IND605909518</subfield><subfield code="2">DNAL</subfield></datafield><datafield tag="024" ind1="7" ind2=" "><subfield code="a">10.1007/s11295-018-1240-6</subfield><subfield code="2">doi</subfield></datafield><datafield tag="035" ind1=" " ind2=" "><subfield code="a">agid:5909518-01nal_inst</subfield></datafield><datafield tag="040" ind1=" " ind2=" "><subfield code="a">AGL</subfield><subfield code="b">eng</subfield><subfield code="c">AGL</subfield></datafield><datafield tag="100" ind1="1" ind2=" "><subfield code="a">Ma, Yunjing</subfield><subfield code="e">author</subfield><subfield code="u">Department of Horticulture, Zhejiang University, Hangzhou, 310058, Zhejiang, People’s Republic of China</subfield></datafield><datafield tag="245" ind1="1" ind2="0"><subfield code="a">Genome-wide survey and analysis of the TIFY gene family and its potential role in anthocyanin synthesis in Chinese sand pear (Pyrus pyrifolia)</subfield></datafield><datafield tag="300" ind1=" " ind2=" "><subfield code="a">p. 25.</subfield></datafield><datafield tag="520" ind1=" " ind2=" "><subfield code="a">The TIFY family is an important gene family which can be found only in plant and involved in different biologic processes. Jasmonic acid (JA) promotes anthocyanin accumulation in fruit. To explore the role of PpTIFY genes in anthocyanin biosynthesis of Chinese sand pear (Pyrus pyrifolia Nakai), we first cloned 21 PpTIFY genes from the pear genome and further identified 11 PpJAZ genes. The sequence similarity among the PpTIFY genes was relatively low, which indicated that PpTIFY genes in higher plants differentiated early during land plant evolution and have experienced considerable mutation. Transcripts of PpTIFY genes were detected in all organs and tissues of pear analyzed. The spatial and temporal expression patterns indicated that PpTIFY genes were associated with anthocyanin accumulation and JA signaling. The expression levels of PpTIFY genes were highest in leaves, whereas during fruit maturation, the expression level dramatically decreased. Furthermore, PpTIFY was induced after JA and light treatment in conjunction with anthocyanin accumulation in the peel of red fruit of Chinese sand pear. Genome-wide identification and characterization of pear PpTIFY genes will be helpful for further functional analysis of this gene family and cultivar improvement in pears.</subfield></datafield><datafield tag="592" ind1=" " ind2=" "><subfield code="a">Publisher supplied data</subfield></datafield><datafield tag="593" ind1=" " ind2=" "><subfield code="a">PubAg article</subfield></datafield><datafield tag="650" ind1=" " ind2="3"><subfield code="a">Pyrus pyrifolia</subfield></datafield><datafield tag="650" ind1=" " ind2="3"><subfield code="a">anthocyanins</subfield></datafield><datafield tag="650" ind1=" " ind2="3"><subfield code="a">biosynthesis</subfield></datafield><datafield tag="650" ind1=" " ind2="3"><subfield code="a">cultivars</subfield></datafield><datafield tag="650" ind1=" " ind2="3"><subfield code="a">genes</subfield></datafield><datafield tag="650" ind1=" " ind2="3"><subfield code="a">jasmonic acid</subfield></datafield><datafield tag="650" ind1=" " ind2="3"><subfield code="a">leaves</subfield></datafield><datafield tag="650" ind1=" " ind2="3"><subfield code="a">messenger RNA</subfield></datafield><datafield tag="650" ind1=" " ind2="3"><subfield code="a">mutation</subfield></datafield><datafield tag="650" ind1=" " ind2="3"><subfield code="a">pears</subfield></datafield><datafield tag="650" ind1=" " ind2="3"><subfield code="a">sequence homology</subfield></datafield><datafield tag="650" ind1=" " ind2="3"><subfield code="a">surveys</subfield></datafield><datafield tag="700" ind1="1" ind2=" "><subfield code="a">Shu, Shashan</subfield><subfield code="e">author</subfield><subfield code="u">Department of Horticulture, Zhejiang University, Hangzhou, 310058, Zhejiang, People’s Republic of China</subfield></datafield><datafield tag="700" ind1="1" ind2=" "><subfield code="a">Bai, Songling</subfield><subfield code="e">author</subfield><subfield code="u">Department of Horticulture, Zhejiang University, Hangzhou, 310058, Zhejiang, People’s Republic of China</subfield></datafield><datafield tag="700" ind1="1" ind2=" "><subfield code="a">Tao, Ruiyan</subfield><subfield code="e">author</subfield><subfield code="u">Department of Horticulture, Zhejiang University, Hangzhou, 310058, Zhejiang, People’s Republic of China</subfield></datafield><datafield tag="700" ind1="1" ind2=" "><subfield code="a">Qian, Minjie</subfield><subfield code="e">author</subfield><subfield code="u">Department of Horticulture, Zhejiang University, Hangzhou, 310058, Zhejiang, People’s Republic of China</subfield></datafield><datafield tag="700" ind1="1" ind2=" "><subfield code="a">Teng, Yuanwen</subfield><subfield code="e">author</subfield><subfield code="u">Department of Horticulture, Zhejiang University, Hangzhou, 310058, Zhejiang, People’s Republic of China. ywteng@zju.edu.cn</subfield></datafield><datafield tag="773" ind1="0" ind2=" "><subfield code="t">Tree genetics &amp; genomes.</subfield><subfield code="g">2018 Apr., v. 14, no. 2 p.25-25</subfield><subfield code="d">Springer Berlin Heidelberg</subfield><subfield code="w">Journal:jnl3949857</subfield><subfield code="x">1614-2942</subfield><subfield code="7">nnas</subfield></datafield><datafield tag="787" ind1="1" ind2=" "><subfield code="o">islandora_article_repository</subfield></datafield><datafield tag="787" ind1="1" ind2=" "><subfield code="o">product_pubag</subfield></datafield><datafield tag="787" ind1="1" ind2=" "><subfield code="o">(Journal)jnl3949857</subfield></datafield><datafield tag="856" ind1="4" ind2="0"><subfield code="u">https://dx.doi.org/10.1007/s11295-018-1240-6</subfield><subfield code="3">Available from publisher's site</subfield></datafield><datafield tag="912" ind1=" " ind2=" "><subfield code="a">Article</subfield></datafield><datafield tag="914" ind1=" " ind2=" "><subfield code="a">Journal:jnl3949857</subfield><subfield code="b">1614-2942</subfield><subfield code="c">14</subfield><subfield code="d">2</subfield><subfield code="e">25</subfield></datafield><datafield tag="914" ind1=" " ind2=" "><subfield code="f">Tree genetics &amp; genomes</subfield></datafield><datafield tag="916" ind1=" " ind2=" "><subfield code="a">Batch:1953</subfield></datafield><datafield tag="917" ind1=" " ind2=" "><subfield code="a">issued</subfield></datafield><datafield tag="918" ind1="2" ind2=" "><subfield code="a">Springer</subfield><subfield code="e">provider</subfield><subfield code="5">DNAL</subfield></datafield><datafield tag="935" ind1=" " ind2=" "><subfield code="a">IND605909518</subfield><subfield code="9">ExL</subfield></datafield><datafield tag="949" ind1=" " ind2=" "><subfield code="a">2018-06-19</subfield></datafield><datafield tag="953" ind1=" " ind2=" "><subfield code="a">/data/metadata/incoming/springer/ftp_PUB_18-04-10_05-56-11.zip</subfield></datafield><datafield tag="954" ind1=" " ind2=" "><subfield code="a">file:/data/metadata/staging/springer/11295-14-2.xml</subfield></datafield><datafield tag="955" ind1=" " ind2=" "><subfield code="a">/data/metadata/staging/springer/</subfield></datafield><datafield tag="974" ind1=" " ind2=" "><subfield code="a">agid:5909518</subfield></datafield><datafield tag="983" ind1=" " ind2=" "><subfield code="a">2018-06-19</subfield></datafield><datafield tag="984" ind1=" " ind2=" "><subfield code="a">2018-06-19</subfield></datafield></record>