<record><leader>02385nab a2200481 u 4500</leader><controlfield tag="001">9916116797107426</controlfield><controlfield tag="005">20221120025220.0</controlfield><controlfield tag="008">980619e199702 mdu|||||o|||||||||||eng||</controlfield><datafield tag="" ind1="7" ind2=" "><subfield code="a">IND21234848</subfield><subfield code="2">DNAL</subfield></datafield><datafield tag="035" ind1=" " ind2=" "><subfield code="a">agid:2756133-01nal_inst</subfield></datafield><datafield tag="040" ind1=" " ind2=" "><subfield code="a">AGL</subfield><subfield code="b">eng</subfield><subfield code="c">AGL</subfield></datafield><datafield tag="100" ind1="1" ind2=" "><subfield code="a">Preisler, H.K.</subfield></datafield><datafield tag="245" ind1="1" ind2="0"><subfield code="a">Regression methods for spatially correlated data: an example using beetle attacks in a seed orchard</subfield></datafield><datafield tag="300" ind1=" " ind2=" "><subfield code="a">p. 71-77.</subfield></datafield><datafield tag="520" ind1=" " ind2=" "><subfield code="a">We present a statistical procedure for studying the simultaneous effects of observed covariates and unmeasured spatial variables on responses of interest. The procedure uses regression type analyses that can be used with existing statistical software packages. An example using the rate of twig beetle attacks on Douglas-fir trees in a seed orchard illustrates the problem and the recommended statistical procedures. Use of this procedure revealed spatial patterns in beetle attacks that were not otherwise evident. We also found that the covariates, tree vigor, cone crop, and host genotype (i.e., clone) apparently had significant effects on number of beetle attacks within a mode that also included location effects. This procedure should prove useful in other situations where spatial trends are of interest in themselves and are not simply viewed as nuisance parameters to be dealt with by the proper experimental design.</subfield></datafield><datafield tag="650" ind1=" " ind2="3"><subfield code="a">Pseudotsuga menziesii</subfield></datafield><datafield tag="650" ind1=" " ind2="3"><subfield code="a">Pityophthorus</subfield></datafield><datafield tag="650" ind1=" " ind2="3"><subfield code="a">regression analysis</subfield></datafield><datafield tag="650" ind1=" " ind2="3"><subfield code="a">seed orchards</subfield></datafield><datafield tag="651" ind1=" " ind2="3"><subfield code="a">California</subfield></datafield><datafield tag="653" ind1=" " ind2="0"><subfield code="a">pityophthorus orarius</subfield></datafield><datafield tag="653" ind1=" " ind2="0"><subfield code="a">spatial statistics</subfield></datafield><datafield tag="653" ind1=" " ind2="0"><subfield code="a">poisson counts</subfield></datafield><datafield tag="653" ind1=" " ind2="0"><subfield code="a">nonparametric regression</subfield></datafield><datafield tag="700" ind1="1" ind2=" "><subfield code="a">Rappaport, N.G.</subfield></datafield><datafield tag="700" ind1="1" ind2=" "><subfield code="a">Wood, D.L.</subfield></datafield><datafield tag="773" ind1="0" ind2=" "><subfield code="t">Forest science.</subfield><subfield code="g">1997 Feb., v. 43, no. 1 p.71-77</subfield><subfield code="x">0015-749X</subfield><subfield code="7">nnas</subfield></datafield><datafield tag="787" ind1="1" ind2=" "><subfield code="o">islandora_article_repository</subfield></datafield><datafield tag="787" ind1="1" ind2=" "><subfield code="o">(Journal)jnl45979</subfield></datafield><datafield tag="852" ind1=" " ind2=" "><subfield code="a">DNAL</subfield></datafield><datafield tag="912" ind1=" " ind2=" "><subfield code="a">Article</subfield></datafield><datafield tag="914" ind1=" " ind2=" "><subfield code="a">Journal:jnl45979</subfield></datafield><datafield tag="914" ind1=" " ind2=" "><subfield code="f">For. sci</subfield></datafield><datafield tag="917" ind1=" " ind2=" "><subfield code="a">issued</subfield></datafield><datafield tag="930" ind1=" " ind2=" "><subfield code="a">19980801</subfield><subfield code="b">19980807</subfield><subfield code="c">00000000</subfield></datafield><datafield tag="935" ind1=" " ind2=" "><subfield code="a">IND21234848</subfield><subfield code="9">ExL</subfield></datafield><datafield tag="945" ind1=" " ind2=" "><subfield code="a">IND</subfield><subfield code="d">JYB</subfield></datafield><datafield tag="946" ind1=" " ind2=" "><subfield code="a">Other US</subfield></datafield><datafield tag="952" ind1=" " ind2=" "><subfield code="a">19980801 19980807 00000000</subfield><subfield code="b">IND JYB </subfield></datafield><datafield tag="974" ind1=" " ind2=" "><subfield code="a">agid:2756133</subfield></datafield><datafield tag="984" ind1=" " ind2=" "><subfield code="a">2014-12-25</subfield></datafield><datafield tag="985" ind1=" " ind2=" "><subfield code="a">Converted from MARCXML to MODS version 3.4 using MARC21slim2MODS3-4.xsl (Revision 1.95 2014/04/23)</subfield></datafield><datafield tag="986" ind1=" " ind2=" "><subfield code="a">3286549</subfield></datafield></record>