<record><leader>02404nab a2200421 u 4500</leader><controlfield tag="001">9916116838007426</controlfield><controlfield tag="005">20221120145843.0</controlfield><controlfield tag="008">981221e199802 mdu|||||o|||||||||||eng||</controlfield><datafield tag="" ind1="7" ind2=" "><subfield code="a">IND21961019</subfield><subfield code="2">DNAL</subfield></datafield><datafield tag="035" ind1=" " ind2=" "><subfield code="a">agid:2756195-01nal_inst</subfield></datafield><datafield tag="040" ind1=" " ind2=" "><subfield code="a">AGL</subfield><subfield code="b">eng</subfield><subfield code="c">AGL</subfield></datafield><datafield tag="100" ind1="1" ind2=" "><subfield code="a">Hanus, M.L.</subfield></datafield><datafield tag="245" ind1="1" ind2="0"><subfield code="a">Reconstructing the spatial pattern of trees from routine stand examination measurements</subfield></datafield><datafield tag="300" ind1=" " ind2=" "><subfield code="a">p. 125-133.</subfield></datafield><datafield tag="520" ind1=" " ind2=" "><subfield code="a">Reconstruction of the spatial pattern of trees is important for the accurate visual display of unmapped stands. The proposed process for generating the spatial pattern is a nonsimple sequential inhibition process, with the inhibition zone proportionate to the scaled maximum crown width of an open-grown tree of the same species and same diameter at breast height as the subject tree. The results of this coordinate generation procedure are compared with mapped stem data from nine natural stands of Douglas-fir at two ages by the use of a transformed Ripley's K(d) function. The results of this comparison indicate that the proposed method, based on complete tree lists, successfully replicated the spatial patterns of the trees in all nine stands at both ages and over the range of distances examined. On the basis of these findings and the procedure's ability to model effects through time, the nonsimple sequential inhibition process has been chosen to generate tree coordinates in the VIZ4ST computer program for displaying forest stand structure in naturally regenerated young Douglas-fir stands.</subfield></datafield><datafield tag="650" ind1=" " ind2="3"><subfield code="a">Pseudotsuga menziesii</subfield></datafield><datafield tag="650" ind1=" " ind2="3"><subfield code="a">spatial distribution</subfield></datafield><datafield tag="653" ind1=" " ind2="0"><subfield code="a">visualization</subfield></datafield><datafield tag="653" ind1=" " ind2="0"><subfield code="a">nonsimple sequential inhibition process</subfield></datafield><datafield tag="700" ind1="1" ind2=" "><subfield code="a">Hann, D.W.</subfield></datafield><datafield tag="700" ind1="1" ind2=" "><subfield code="a">Marshall, D.D.</subfield></datafield><datafield tag="773" ind1="0" ind2=" "><subfield code="t">Forest science.</subfield><subfield code="g">1998 Feb., v. 44, no. 1 p.125-133</subfield><subfield code="x">0015-749X</subfield><subfield code="7">nnas</subfield></datafield><datafield tag="787" ind1="1" ind2=" "><subfield code="o">islandora_article_repository</subfield></datafield><datafield tag="787" ind1="1" ind2=" "><subfield code="o">(Journal)jnl45979</subfield></datafield><datafield tag="852" ind1=" " ind2=" "><subfield code="a">DNAL</subfield></datafield><datafield tag="912" ind1=" " ind2=" "><subfield code="a">Article</subfield></datafield><datafield tag="914" ind1=" " ind2=" "><subfield code="a">Journal:jnl45979</subfield></datafield><datafield tag="914" ind1=" " ind2=" "><subfield code="f">For. sci</subfield></datafield><datafield tag="917" ind1=" " ind2=" "><subfield code="a">issued</subfield></datafield><datafield tag="930" ind1=" " ind2=" "><subfield code="a">19990131</subfield><subfield code="b">19990208</subfield><subfield code="c">00000000</subfield></datafield><datafield tag="935" ind1=" " ind2=" "><subfield code="a">IND21961019</subfield><subfield code="9">ExL</subfield></datafield><datafield tag="945" ind1=" " ind2=" "><subfield code="a">IND</subfield><subfield code="d">JYB</subfield></datafield><datafield tag="946" ind1=" " ind2=" "><subfield code="a">Other US</subfield></datafield><datafield tag="952" ind1=" " ind2=" "><subfield code="a">19990131 19990208 00000000</subfield><subfield code="b">IND JYB </subfield></datafield><datafield tag="974" ind1=" " ind2=" "><subfield code="a">agid:2756195</subfield></datafield><datafield tag="984" ind1=" " ind2=" "><subfield code="a">2014-12-25</subfield></datafield><datafield tag="985" ind1=" " ind2=" "><subfield code="a">Converted from MARCXML to MODS version 3.4 using MARC21slim2MODS3-4.xsl (Revision 1.95 2014/04/23)</subfield></datafield><datafield tag="986" ind1=" " ind2=" "><subfield code="a">3321020</subfield></datafield></record>