<record><leader>02336nab a2200421 u 4500</leader><controlfield tag="001">9916116895207426</controlfield><controlfield tag="005">20221120200641.0</controlfield><controlfield tag="008">980622e199708 mdu|||||o|||||||||||eng||</controlfield><datafield tag="" ind1="7" ind2=" "><subfield code="a">IND21235340</subfield><subfield code="2">DNAL</subfield></datafield><datafield tag="035" ind1=" " ind2=" "><subfield code="a">agid:2756166-01nal_inst</subfield></datafield><datafield tag="040" ind1=" " ind2=" "><subfield code="a">AGL</subfield><subfield code="b">eng</subfield><subfield code="c">AGL</subfield></datafield><datafield tag="100" ind1="1" ind2=" "><subfield code="a">Shao, G.</subfield></datafield><datafield tag="245" ind1="1" ind2="2"><subfield code="a">A compatible growth-density stand model derived from a distance-dependent individual tree model</subfield></datafield><datafield tag="300" ind1=" " ind2=" "><subfield code="a">p. 443-446.</subfield></datafield><datafield tag="520" ind1=" " ind2=" "><subfield code="a">A compatible growth-density stand model is developed for simulating forest stands with uniformly distributed trees (e.g., square spacing, equilateral triangle spacing, and 1:1.5 row to column ratio tree distribution patterns). The model is based on a distance dependent individual tree competition model. The independent variable in the individual-tree model is Hegyi's (1974) diameter-distance competition index with n = 8. The derived growth density stand model satisfies a necessary boundary condition (i.e., stand growth is zero either when stand density is zero or when stand density reaches to a very high level). The stand density which maximizes stand growth rate can be calculated with this stand model. It is found that stands with an equilateral triangle tree distribution pattern have the greatest growth rate among the three uniform stands. Stand growth in measured forests is more than 10% lower than that predicted in uniform stands. Simulation comparisons suggest that the uneven distribution of trees in such stands can reduce stand growth.</subfield></datafield><datafield tag="650" ind1=" " ind2="3"><subfield code="a">forest trees</subfield></datafield><datafield tag="650" ind1=" " ind2="3"><subfield code="a">forest plantations</subfield></datafield><datafield tag="650" ind1=" " ind2="3"><subfield code="a">growth models</subfield></datafield><datafield tag="650" ind1=" " ind2="3"><subfield code="a">stand density</subfield></datafield><datafield tag="650" ind1=" " ind2="3"><subfield code="a">spatial distribution</subfield></datafield><datafield tag="700" ind1="1" ind2=" "><subfield code="a">Shugart, H.H.</subfield></datafield><datafield tag="773" ind1="0" ind2=" "><subfield code="t">Forest science.</subfield><subfield code="g">1997 Aug., v. 43, no. 3 p.443-446</subfield><subfield code="x">0015-749X</subfield><subfield code="7">nnas</subfield></datafield><datafield tag="787" ind1="1" ind2=" "><subfield code="o">islandora_article_repository</subfield></datafield><datafield tag="787" ind1="1" ind2=" "><subfield code="o">(Journal)jnl45979</subfield></datafield><datafield tag="852" ind1=" " ind2=" "><subfield code="a">DNAL</subfield></datafield><datafield tag="912" ind1=" " ind2=" "><subfield code="a">Article</subfield></datafield><datafield tag="914" ind1=" " ind2=" "><subfield code="a">Journal:jnl45979</subfield></datafield><datafield tag="914" ind1=" " ind2=" "><subfield code="f">For. sci</subfield></datafield><datafield tag="917" ind1=" " ind2=" "><subfield code="a">issued</subfield></datafield><datafield tag="930" ind1=" " ind2=" "><subfield code="a">19980801</subfield><subfield code="b">19980807</subfield><subfield code="c">00000000</subfield></datafield><datafield tag="935" ind1=" " ind2=" "><subfield code="a">IND21235340</subfield><subfield code="9">ExL</subfield></datafield><datafield tag="945" ind1=" " ind2=" "><subfield code="a">IND</subfield><subfield code="d">JYB</subfield></datafield><datafield tag="946" ind1=" " ind2=" "><subfield code="a">Other US</subfield></datafield><datafield tag="952" ind1=" " ind2=" "><subfield code="a">19980801 19980807 00000000</subfield><subfield code="b">IND JYB </subfield></datafield><datafield tag="974" ind1=" " ind2=" "><subfield code="a">agid:2756166</subfield></datafield><datafield tag="984" ind1=" " ind2=" "><subfield code="a">2014-12-25</subfield></datafield><datafield tag="985" ind1=" " ind2=" "><subfield code="a">Converted from MARCXML to MODS version 3.4 using MARC21slim2MODS3-4.xsl (Revision 1.95 2014/04/23)</subfield></datafield><datafield tag="986" ind1=" " ind2=" "><subfield code="a">3287030</subfield></datafield></record>