<record><leader>03474nab a2200505 u 4500</leader><controlfield tag="001">9916117007426</controlfield><controlfield tag="005">20221121131109.0</controlfield><controlfield tag="008">151124e201003 xx |||||o|||||||||||eng||</controlfield><datafield tag="" ind1="7" ind2=" "><subfield code="a">IND601293237</subfield><subfield code="2">DNAL</subfield></datafield><datafield tag="024" ind1="7" ind2=" "><subfield code="a">10.1898/NWN09-36.1</subfield><subfield code="2">doi</subfield></datafield><datafield tag="035" ind1=" " ind2=" "><subfield code="a">agid:1293237-01nal_inst</subfield></datafield><datafield tag="040" ind1=" " ind2=" "><subfield code="a">AGL</subfield><subfield code="b">eng</subfield><subfield code="c">AGL</subfield></datafield><datafield tag="100" ind1="1" ind2=" "><subfield code="a">Miller, Mark P.</subfield><subfield code="e">author</subfield><subfield code="u">US Geological Survey, Forest and Rangeland Ecosystem Science Center, 3200 SW Jefferson Way, Corvallis, OR 97331, USA</subfield></datafield><datafield tag="245" ind1="1" ind2="0"><subfield code="a">Size-Associated Morphological Variation in the Red Tree Vole (Arborimus longicaudus)</subfield></datafield><datafield tag="300" ind1=" " ind2=" "><subfield code="a">p. 63-73.</subfield></datafield><datafield tag="520" ind1=" " ind2=" "><subfield code="a">We examined patterns of size-associated morphological variation within the Red Tree Vole (Arborimus longicaudus) for the purposes of 1) identifying differences between the Red Tree Vole and the Dusky Tree Vole (A. l. silvicola), a putative subspecies of the Red Tree Vole; and 2) examining spatial patterns of morphological variation across the species' range. Our results illustrate subtle, but significant, morphological differences across the boundary that has been proposed to delimit the ranges of the Dusky Tree Vole and Red Tree Vole. However, the morphological characters examined have virtually no diagnostic utility for distinguishing between subspecies. We also performed a series of linear regressions that revealed correlations between morphological variation and latitude. Ultimately, these findings indicated that morphological variation in Red Tree Voles is in good agreement with Bergmann's Rule and Allen's Rule, 2 well-established ecographic principles that dictate relationships between environmental temperatures and morphological attributes. Because our analyses do not demonstrate strong differences between tree vole subspecies, we encourage future analyses of variation in pelage coloration and genetic structure to unequivocally determine the Dusky Tree Vole's status.</subfield></datafield><datafield tag="592" ind1=" " ind2=" "><subfield code="a">Publisher supplied data</subfield></datafield><datafield tag="653" ind1=" " ind2="0"><subfield code="a">Allen's Rule</subfield></datafield><datafield tag="653" ind1=" " ind2="0"><subfield code="a">Arborimus longicaudus</subfield></datafield><datafield tag="653" ind1=" " ind2="0"><subfield code="a">Arborimus longicaudus silvicola</subfield></datafield><datafield tag="653" ind1=" " ind2="0"><subfield code="a">Bergmann's Rule</subfield></datafield><datafield tag="653" ind1=" " ind2="0"><subfield code="a">Dusky Tree Vole</subfield></datafield><datafield tag="653" ind1=" " ind2="0"><subfield code="a">latitude</subfield></datafield><datafield tag="653" ind1=" " ind2="0"><subfield code="a">morphology</subfield></datafield><datafield tag="653" ind1=" " ind2="0"><subfield code="a">Oregon Red Tree Vole</subfield></datafield><datafield tag="653" ind1=" " ind2="0"><subfield code="a">subspecies</subfield></datafield><datafield tag="700" ind1="1" ind2=" "><subfield code="a">Forsman, Eric D.</subfield><subfield code="e">author</subfield><subfield code="u">USDA Forest Service, Pacific Northwest Research Station, 3200 SW Jefferson Way, Corvallis, OR 97331, USA</subfield></datafield><datafield tag="700" ind1="1" ind2=" "><subfield code="a">Swingle, James K.</subfield><subfield code="e">author</subfield><subfield code="u">Department of Fisheries and Wildlife, Oregon State University, Corvallis, OR 97331, USA</subfield></datafield><datafield tag="700" ind1="1" ind2=" "><subfield code="a">Miller, Stephanie A.</subfield><subfield code="e">author</subfield><subfield code="u">Native Fish Investigations Project, Oregon Department of Fish &amp; Wildlife, 28655 Highway 34, Corvallis, OR 97333, USA</subfield></datafield><datafield tag="700" ind1="1" ind2=" "><subfield code="a">Haig, Susan M.</subfield><subfield code="e">author</subfield><subfield code="u">US Geological Survey, Forest and Rangeland Ecosystem Science Center, 3200 SW Jefferson Way, Corvallis, OR 97331, USA</subfield></datafield><datafield tag="773" ind1="0" ind2=" "><subfield code="t">Northwestern naturalist.</subfield><subfield code="g">2010 Mar., v. 91, no. 1 p.63-73</subfield><subfield code="d">Society for Northwestern Vertebrate Biology</subfield><subfield code="x">1051-1733</subfield><subfield code="7">nnas</subfield></datafield><datafield tag="787" ind1="1" ind2=" "><subfield code="o">islandora_article_repository</subfield></datafield><datafield tag="787" ind1="1" ind2=" "><subfield code="o">(Journal)13816</subfield></datafield><datafield tag="856" ind1="4" ind2="0"><subfield code="u">http://dx.doi.org/10.1898%2FNWN09-36.1</subfield><subfield code="3">Available from publisher's site</subfield></datafield><datafield tag="912" ind1=" " ind2=" "><subfield code="a">Article</subfield></datafield><datafield tag="914" ind1=" " ind2=" "><subfield code="a">Journal:13816</subfield><subfield code="b">1051-1733</subfield><subfield code="c">91</subfield><subfield code="d">1</subfield><subfield code="e">63</subfield></datafield><datafield tag="914" ind1=" " ind2=" "><subfield code="f">Northwestern naturalist</subfield></datafield><datafield tag="917" ind1=" " ind2=" "><subfield code="a">hold</subfield></datafield><datafield tag="918" ind1="2" ind2=" "><subfield code="a">BioOne</subfield><subfield code="e">provider</subfield><subfield code="5">DNAL</subfield></datafield><datafield tag="935" ind1=" " ind2=" "><subfield code="a">IND601293237</subfield><subfield code="9">ExL</subfield></datafield><datafield tag="953" ind1=" " ind2=" "><subfield code="a">NWNTv91i1-04282208-173853.zip</subfield></datafield><datafield tag="961" ind1=" " ind2=" "><subfield code="a">USDA/FS</subfield></datafield><datafield tag="974" ind1=" " ind2=" "><subfield code="a">agid:1293237</subfield></datafield><datafield tag="983" ind1=" " ind2=" "><subfield code="a">2015-11-24</subfield></datafield><datafield tag="984" ind1=" " ind2=" "><subfield code="a">2015-11-24</subfield></datafield></record>