<record><leader>04663nab a2200697 u 4500</leader><controlfield tag="001">9916117272907426</controlfield><controlfield tag="005">20221120073548.0</controlfield><controlfield tag="008">210608e202106 xx |||||o|||||||||||eng||</controlfield><datafield tag="" ind1="7" ind2=" "><subfield code="a">IND607354397</subfield><subfield code="2">DNAL</subfield></datafield><datafield tag="024" ind1="7" ind2=" "><subfield code="a">10.1007/s11295-021-01509-8</subfield><subfield code="2">doi</subfield></datafield><datafield tag="035" ind1=" " ind2=" "><subfield code="a">agid:7354397-01nal_inst</subfield></datafield><datafield tag="040" ind1=" " ind2=" "><subfield code="a">AGL</subfield><subfield code="b">eng</subfield><subfield code="c">AGL</subfield></datafield><datafield tag="100" ind1="1" ind2=" "><subfield code="a">Angbonda, Dieu - Merci Assumani</subfield><subfield code="e">author</subfield><subfield code="u">Faculté de Gestion des Ressources Naturelles Renouvelables, Université de Kisangani, B.P. 2012, Av. Kitima, 3, Kisangani, Democratic Republic of Congo. asssumani@gmail.com</subfield><subfield code="1">https://orcid.org/0000-0003-3817-9862</subfield></datafield><datafield tag="245" ind1="1" ind2="0"><subfield code="a">Seed and pollen dispersal and fine-scale spatial genetic structure of a threatened tree species: Pericopsis elata (HARMS) Meeuwen (Fabaceae)</subfield></datafield><datafield tag="300" ind1=" " ind2=" "><subfield code="a">p. 27.</subfield></datafield><datafield tag="500" ind1=" " ind2=" "><subfield code="a">NAL-AP-2-clean</subfield></datafield><datafield tag="520" ind1=" " ind2=" "><subfield code="a">Seed and pollen dispersal are important for defining sustainable forest management practices. By reducing population density, selective logging could affect not only the seed production of timber species but also the selfing rate and the patterns of seed and pollen rains. To assess these risks, we characterized seed and pollen dispersal patterns and the fine-scale spatial genetic structure (FSGS) of Pericopsis elata, a gregarious, wind-dispersed legume tree which is highly logged in Central Africa and threatened by overexploitation. Eleven microsatellite markers were used to genotype 189 adults and 664 seedlings in a 4 km² plot in the Democratic Republic of Congo (DRC). According to the neighbourhood model, seed dispersal was extremely leptokurtic, with 80% of seeds dispersal distances &lt;75 m, 15% &gt;500 m. Pollen dispersal was locally more extensive (median distance 260 m), but pollen immigration was not detected, and the selfing rate (54%) appeared particularly high compared to other tropical tree species. Limited gene dispersal resulted in remarkably high FSGS (Sₚ = 0.072). A decay of inbreeding with age also suggests that the species is prone to inbreeding depression. The reproductive success of trees was positively related to their diameter at breast height (dbh), with half of the progeny mothered by trees with dbh &gt; 97 cm and fathered by trees with dbh &gt; 119 cm. Our study highlights that (1) seed sources must be diversified for plantation or population reinforcement to limit consanguinity, and (2) the legal minimum cutting diameter in DRC (60 cm) should be increased to maintain enough post-logging reproductive potential.</subfield></datafield><datafield tag="592" ind1=" " ind2=" "><subfield code="a">Publisher supplied data</subfield></datafield><datafield tag="593" ind1=" " ind2=" "><subfield code="a">PubAg article</subfield></datafield><datafield tag="650" ind1=" " ind2="3"><subfield code="a">Pericopsis elata</subfield></datafield><datafield tag="650" ind1=" " ind2="3"><subfield code="a">genes</subfield></datafield><datafield tag="650" ind1=" " ind2="3"><subfield code="a">genotype</subfield></datafield><datafield tag="650" ind1=" " ind2="3"><subfield code="a">legumes</subfield></datafield><datafield tag="650" ind1=" " ind2="3"><subfield code="a">microsatellite repeats</subfield></datafield><datafield tag="650" ind1=" " ind2="3"><subfield code="a">models</subfield></datafield><datafield tag="650" ind1=" " ind2="3"><subfield code="a">plant genetics</subfield></datafield><datafield tag="650" ind1=" " ind2="3"><subfield code="a">pollen</subfield></datafield><datafield tag="650" ind1=" " ind2="3"><subfield code="a">pollen flow</subfield></datafield><datafield tag="650" ind1=" " ind2="3"><subfield code="a">population density</subfield></datafield><datafield tag="650" ind1=" " ind2="3"><subfield code="a">progeny</subfield></datafield><datafield tag="650" ind1=" " ind2="3"><subfield code="a">reproductive success</subfield></datafield><datafield tag="650" ind1=" " ind2="3"><subfield code="a">seed dispersal</subfield></datafield><datafield tag="650" ind1=" " ind2="3"><subfield code="a">selfing</subfield></datafield><datafield tag="650" ind1=" " ind2="3"><subfield code="a">sustainable forestry</subfield></datafield><datafield tag="650" ind1=" " ind2="3"><subfield code="a">tree and stand measurements</subfield></datafield><datafield tag="650" ind1=" " ind2="3"><subfield code="a">trees</subfield></datafield><datafield tag="650" ind1=" " ind2="3"><subfield code="a">tropical plants</subfield></datafield><datafield tag="651" ind1=" " ind2="3"><subfield code="a">Democratic Republic of the Congo</subfield></datafield><datafield tag="700" ind1="1" ind2=" "><subfield code="a">Monthe, Franck K.</subfield><subfield code="e">author</subfield><subfield code="u">Evolutionary Biology and Ecology Unit CP 160/12, Faculté des Sciences, Université Libre de Bruxelles, Av. F. D. Roosevelt 50, B-1050, Brussels, Belgium</subfield></datafield><datafield tag="700" ind1="1" ind2=" "><subfield code="a">Bourland, Nils</subfield><subfield code="e">author</subfield><subfield code="u">Service of Wood Biology, Royal Museum for Central Africa, 3080, Tervuren, Belgium</subfield></datafield><datafield tag="700" ind1="1" ind2=" "><subfield code="a">Boyemba, Faustin</subfield><subfield code="e">author</subfield><subfield code="u">Laboratoire d’Ecologie et Aménagement Forestier (LECAFOR), Kisangani, Democratic Republic of Congo</subfield></datafield><datafield tag="700" ind1="1" ind2=" "><subfield code="a">Hardy, Olivier J.</subfield><subfield code="e">author</subfield><subfield code="u">Evolutionary Biology and Ecology Unit CP 160/12, Faculté des Sciences, Université Libre de Bruxelles, Av. F. D. Roosevelt 50, B-1050, Brussels, Belgium</subfield></datafield><datafield tag="773" ind1="0" ind2=" "><subfield code="t">Tree genetics &amp; genomes.</subfield><subfield code="g">2021 June, v. 17, no. 3 p.27-27</subfield><subfield code="d">Springer Berlin Heidelberg</subfield><subfield code="w">Journal:jnl3949857</subfield><subfield code="x">1614-2942</subfield><subfield code="7">nnas</subfield></datafield><datafield tag="787" ind1="1" ind2=" "><subfield code="o">islandora_article_repository</subfield></datafield><datafield tag="787" ind1="1" ind2=" "><subfield code="o">product_pubag</subfield></datafield><datafield tag="787" ind1="1" ind2=" "><subfield code="o">(Journal)jnl3949857</subfield></datafield><datafield tag="856" ind1="4" ind2="0"><subfield code="u">https://dx.doi.org/10.1007/s11295-021-01509-8</subfield><subfield code="3">Available from publisher's site</subfield></datafield><datafield tag="912" ind1=" " ind2=" "><subfield code="a">Article</subfield></datafield><datafield tag="914" ind1=" " ind2=" "><subfield code="a">Journal:jnl3949857</subfield><subfield code="b">1614-2942</subfield><subfield code="c">17</subfield><subfield code="d">3</subfield><subfield code="e">27</subfield></datafield><datafield tag="914" ind1=" " ind2=" "><subfield code="f">Tree genetics &amp; genomes</subfield></datafield><datafield tag="916" ind1=" " ind2=" "><subfield code="a">Batch:10131</subfield></datafield><datafield tag="917" ind1=" " ind2=" "><subfield code="a">issued</subfield></datafield><datafield tag="918" ind1="2" ind2=" "><subfield code="a">Springer</subfield><subfield code="e">provider</subfield><subfield code="5">DNAL</subfield></datafield><datafield tag="935" ind1=" " ind2=" "><subfield code="a">IND607354397</subfield><subfield code="9">ExL</subfield></datafield><datafield tag="949" ind1=" " ind2=" "><subfield code="a">2021-06-15</subfield></datafield><datafield tag="953" ind1=" " ind2=" "><subfield code="a">/data/metadata/incoming/springer/ftp_PUB_21-06-06_05-10-31.zip</subfield></datafield><datafield tag="954" ind1=" " ind2=" "><subfield code="a">file:/data/metadata/staging/springer/11295-17-3.xml</subfield></datafield><datafield tag="955" ind1=" " ind2=" "><subfield code="a">/data/metadata/staging/springer/</subfield></datafield><datafield tag="974" ind1=" " ind2=" "><subfield code="a">agid:7354397</subfield></datafield><datafield tag="983" ind1=" " ind2=" "><subfield code="a">2021-06-08</subfield></datafield><datafield tag="984" ind1=" " ind2=" "><subfield code="a">2021-06-15</subfield></datafield></record>