<record><leader>05218nab a2200661 u 4500</leader><controlfield tag="001">9916117291107426</controlfield><controlfield tag="005">20221120095641.0</controlfield><controlfield tag="008">200429e202006 xx |||||o|||||||||||eng||</controlfield><datafield tag="" ind1="7" ind2=" "><subfield code="a">IND606913290</subfield><subfield code="2">DNAL</subfield></datafield><datafield tag="024" ind1="7" ind2=" "><subfield code="a">10.1007/s11676-018-0802-7</subfield><subfield code="2">doi</subfield></datafield><datafield tag="035" ind1=" " ind2=" "><subfield code="a">agid:6913290-01nal_inst</subfield></datafield><datafield tag="040" ind1=" " ind2=" "><subfield code="a">AGL</subfield><subfield code="b">eng</subfield><subfield code="c">AGL</subfield></datafield><datafield tag="100" ind1="1" ind2=" "><subfield code="a">Gai, Xuerui</subfield><subfield code="e">author</subfield><subfield code="u">Key Laboratory of Forest Ecology and Management, Institute of Applied Ecology, Chinese Academy of Sciences, Shenyang, 110, People’s Republic of China</subfield></datafield><datafield tag="245" ind1="1" ind2="0"><subfield code="a">Spatiotemporal evidence of tree-growth resilience to climate variations for Yezo spruce (Picea jezoensis var. komarovii) on Changbai Mountain, Northeast China</subfield></datafield><datafield tag="300" ind1=" " ind2=" "><subfield code="a">p. 927-936.</subfield></datafield><datafield tag="520" ind1=" " ind2=" "><subfield code="a">Global warming-induced changes in tree-growth resilience to climate variations have been widely reported for mid- and high-latitude regions around the world. Most studies have focused on the spatial variability of trees in radial growth–climate relationships on Changbai Mountain in Northeast China, but little is known about temporal changes in tree growth in response to climate. We explored the stability of effect of climate variables on radial growth of Yezo spruce [Picea jezoensis Carr. var. komarovii (V.Vassil.) Cheng et L.K.Fu] at 1200, 1400, and 1600 m above sea level, representing low, middle, and upper ranges of the spruce–fir mixed forest on Changbai Mountain. The results showed that the relation between tree growth and climate did not vary with altitude, but the stability of the tree-growth–climate relationship did vary with altitude as the climate changed. Radial growth of Yezo spruce at all three elevations was influenced primarily by maximum temperature during May (Tmax5) and mean minimum temperature from January to March (Tmin1–3). More specifically, the relationship strengthened significantly at lower elevations, but weakened significantly at higher elevation, and fluctuated at mid elevations since 1980. Increase in Tmin1–3 and decrease in Tmax5 were the main reasons for the decrease in the radial growth at three altitudes. The findings of this study clarified that the decrease in radial growth on Changbai Mountain is not a “divergence problem” of an unexpected decrease in tree growth in response to an increase in mean temperature and provides a reference for using tree-ring data to reconstruct climate patterns and/or predict the growth of trees under various climate change scenarios.</subfield></datafield><datafield tag="592" ind1=" " ind2=" "><subfield code="a">Publisher supplied data</subfield></datafield><datafield tag="593" ind1=" " ind2=" "><subfield code="a">PubAg article</subfield></datafield><datafield tag="650" ind1=" " ind2="3"><subfield code="a">Picea jezoensis</subfield></datafield><datafield tag="650" ind1=" " ind2="3"><subfield code="a">altitude</subfield></datafield><datafield tag="650" ind1=" " ind2="3"><subfield code="a">climate change</subfield></datafield><datafield tag="650" ind1=" " ind2="3"><subfield code="a">climatic factors</subfield></datafield><datafield tag="650" ind1=" " ind2="3"><subfield code="a">growth rings</subfield></datafield><datafield tag="650" ind1=" " ind2="3"><subfield code="a">latitude</subfield></datafield><datafield tag="650" ind1=" " ind2="3"><subfield code="a">mixed forests</subfield></datafield><datafield tag="650" ind1=" " ind2="3"><subfield code="a">temperature</subfield></datafield><datafield tag="650" ind1=" " ind2="3"><subfield code="a">temporal variation</subfield></datafield><datafield tag="650" ind1=" " ind2="3"><subfield code="a">tree growth</subfield></datafield><datafield tag="650" ind1=" " ind2="3"><subfield code="a">trees</subfield></datafield><datafield tag="651" ind1=" " ind2="3"><subfield code="a">China</subfield></datafield><datafield tag="700" ind1="1" ind2=" "><subfield code="a">Wang, Shoule</subfield><subfield code="e">author</subfield><subfield code="u">University of Chinese Academy of Sciences, Beijing, 100049, People’s Republic of China</subfield></datafield><datafield tag="700" ind1="1" ind2=" "><subfield code="a">Zhou, Li</subfield><subfield code="e">author</subfield><subfield code="u">Key Laboratory of Forest Ecology and Management, Institute of Applied Ecology, Chinese Academy of Sciences, Shenyang, 110, People’s Republic of China</subfield></datafield><datafield tag="700" ind1="1" ind2=" "><subfield code="a">Wu, Jian</subfield><subfield code="e">author</subfield><subfield code="u">Key Laboratory of Forest Ecology and Management, Institute of Applied Ecology, Chinese Academy of Sciences, Shenyang, 110, People’s Republic of China</subfield></datafield><datafield tag="700" ind1="1" ind2=" "><subfield code="a">Zhou, Wangming</subfield><subfield code="e">author</subfield><subfield code="u">Key Laboratory of Forest Ecology and Management, Institute of Applied Ecology, Chinese Academy of Sciences, Shenyang, 110, People’s Republic of China</subfield></datafield><datafield tag="700" ind1="1" ind2=" "><subfield code="a">Bi, Jianhua</subfield><subfield code="e">author</subfield><subfield code="u">Shenyang University, Shenyang, 110044, People’s Republic of China</subfield></datafield><datafield tag="700" ind1="1" ind2=" "><subfield code="a">Cao, Linlin</subfield><subfield code="e">author</subfield><subfield code="u">Shenyang University, Shenyang, 110044, People’s Republic of China</subfield></datafield><datafield tag="700" ind1="1" ind2=" "><subfield code="a">Dai, Limin</subfield><subfield code="e">author</subfield><subfield code="u">Key Laboratory of Forest Ecology and Management, Institute of Applied Ecology, Chinese Academy of Sciences, Shenyang, 110, People’s Republic of China</subfield></datafield><datafield tag="700" ind1="1" ind2=" "><subfield code="a">Yu, Dapao</subfield><subfield code="e">author</subfield><subfield code="u">Key Laboratory of Forest Ecology and Management, Institute of Applied Ecology, Chinese Academy of Sciences, Shenyang, 110, People’s Republic of China. yudp2003@iae.ac.cn</subfield></datafield><datafield tag="773" ind1="0" ind2=" "><subfield code="t">Journal of forestry research.</subfield><subfield code="g">2020 June, v. 31, no. 3 p.927-936</subfield><subfield code="d">Springer Berlin Heidelberg</subfield><subfield code="w">Journal:J000000106</subfield><subfield code="x">1007-662X</subfield><subfield code="7">nnas</subfield></datafield><datafield tag="787" ind1="1" ind2=" "><subfield code="o">islandora_article_repository</subfield></datafield><datafield tag="787" ind1="1" ind2=" "><subfield code="o">product_pubag</subfield></datafield><datafield tag="787" ind1="1" ind2=" "><subfield code="o">(Journal)J000000106</subfield></datafield><datafield tag="856" ind1="4" ind2="0"><subfield code="u">http://dx.doi.org/10.1007/s11676-018-0802-7</subfield><subfield code="3">Available from publisher's site</subfield></datafield><datafield tag="912" ind1=" " ind2=" "><subfield code="a">Article</subfield></datafield><datafield tag="914" ind1=" " ind2=" "><subfield code="a">Journal:J000000106</subfield><subfield code="b">1007-662X</subfield><subfield code="c">31</subfield><subfield code="d">3</subfield><subfield code="e">927</subfield></datafield><datafield tag="914" ind1=" " ind2=" "><subfield code="f">Journal of forestry research</subfield></datafield><datafield tag="916" ind1=" " ind2=" "><subfield code="a">Batch:2523</subfield></datafield><datafield tag="917" ind1=" " ind2=" "><subfield code="a">issued</subfield></datafield><datafield tag="918" ind1="2" ind2=" "><subfield code="a">Springer</subfield><subfield code="e">provider</subfield><subfield code="5">DNAL</subfield></datafield><datafield tag="935" ind1=" " ind2=" "><subfield code="a">IND606913290</subfield><subfield code="9">ExL</subfield></datafield><datafield tag="949" ind1=" " ind2=" "><subfield code="a">2020-07-21</subfield></datafield><datafield tag="953" ind1=" " ind2=" "><subfield code="a">/data/metadata/incoming/springer/ftp_PUB_20-04-29_06-27-35.zip</subfield></datafield><datafield tag="954" ind1=" " ind2=" "><subfield code="a">file:/data/metadata/staging/springer/11676-31-3.xml</subfield></datafield><datafield tag="955" ind1=" " ind2=" "><subfield code="a">/data/metadata/staging/springer/</subfield></datafield><datafield tag="962" ind1=" " ind2=" "><subfield code="a">Batch:2523 reviewed on 2020-07-21T04:00:04Z</subfield></datafield><datafield tag="974" ind1=" " ind2=" "><subfield code="a">agid:6913290</subfield></datafield><datafield tag="983" ind1=" " ind2=" "><subfield code="a">2020-04-29</subfield></datafield><datafield tag="984" ind1=" " ind2=" "><subfield code="a">2020-07-21</subfield></datafield></record>