<record><leader>03730nab a2200661 u 4500</leader><controlfield tag="001">9916117404807426</controlfield><controlfield tag="005">20221121060224.0</controlfield><controlfield tag="008">150209e201310 xx |||||o|||||||||||eng||</controlfield><datafield tag="" ind1="7" ind2=" "><subfield code="a">IND500694471</subfield><subfield code="2">DNAL</subfield></datafield><datafield tag="024" ind1="7" ind2=" "><subfield code="a">10.1007/s10113-012-0396-0</subfield><subfield code="2">doi</subfield></datafield><datafield tag="035" ind1=" " ind2=" "><subfield code="a">agid:608120-01nal_inst</subfield></datafield><datafield tag="040" ind1=" " ind2=" "><subfield code="a">AGL</subfield><subfield code="b">eng</subfield><subfield code="c">AGL</subfield></datafield><datafield tag="100" ind1="1" ind2=" "><subfield code="a">Prior, Lynda D.</subfield><subfield code="e">author</subfield><subfield code="u">School of Plant Science, University of Tasmania, Private Bag 55, Hobart, TAS, 7001, Australia, lynda.prior@utas.edu.au</subfield></datafield><datafield tag="245" ind1="1" ind2="0"><subfield code="a">Land clearance not dieback continues to drive tree loss in a Tasmanian rural landscape</subfield></datafield><datafield tag="300" ind1=" " ind2=" "><subfield code="a">p. 955-967.</subfield></datafield><datafield tag="500" ind1=" " ind2=" "><subfield code="a">2019-12-06</subfield></datafield><datafield tag="520" ind1=" " ind2=" "><subfield code="a">Tree cover has declined markedly since European settlement in the agricultural areas of Australia due to land clearing and natural and stress-induced senescence of remnant trees combined with widespread regeneration failure. These decreases in tree cover have seldom been quantified on a landscape scale, but are important in understanding losses in carbon storage and biodiversity across large areas of the continent. We used historical aerial photography and satellite imagery to study changes in tree canopy cover in the southern Tasmanian Midlands, one of the oldest agricultural regions in Australia. Tree cover at 1,000 random sites was assessed from imagery captured on four occasions between 1947 and 2010. Tree cover was stable between 1947 and the 1970s, but decreased from 33 % in the 1970s to 21 % in 2010. The decrease appeared driven by transition from some cover to no cover, rather than from more cover to less cover, because sites with tree cover in 2010 showed little net change during the study period. Statistical modelling showed soils derived from igneous rocks lost more cover than did the less fertile sedimentary soils, and contrary to the expectations, if drought was the cause of cover loss, sun-exposed north-facing sites did not lose more cover than south-facing ones. We argue that these temporal and spatial patterns of tree cover change are consistent with tree clearing rather than loss of remnant isolated trees due to drought-induced dieback.</subfield></datafield><datafield tag="592" ind1=" " ind2=" "><subfield code="a">Publisher supplied data</subfield></datafield><datafield tag="593" ind1=" " ind2=" "><subfield code="a">PubAg article</subfield></datafield><datafield tag="650" ind1=" " ind2="3"><subfield code="a">canopy</subfield></datafield><datafield tag="650" ind1=" " ind2="3"><subfield code="a">image analysis</subfield></datafield><datafield tag="650" ind1=" " ind2="3"><subfield code="a">landscapes</subfield></datafield><datafield tag="650" ind1=" " ind2="3"><subfield code="a">sedimentary soils</subfield></datafield><datafield tag="650" ind1=" " ind2="3"><subfield code="a">models</subfield></datafield><datafield tag="650" ind1=" " ind2="3"><subfield code="a">drought</subfield></datafield><datafield tag="650" ind1=" " ind2="3"><subfield code="a">aerial photography</subfield></datafield><datafield tag="650" ind1=" " ind2="3"><subfield code="a">carbon sequestration</subfield></datafield><datafield tag="650" ind1=" " ind2="3"><subfield code="a">igneous rocks</subfield></datafield><datafield tag="650" ind1=" " ind2="3"><subfield code="a">trees</subfield></datafield><datafield tag="650" ind1=" " ind2="3"><subfield code="a">biodiversity</subfield></datafield><datafield tag="650" ind1=" " ind2="3"><subfield code="a">dieback</subfield></datafield><datafield tag="651" ind1=" " ind2="3"><subfield code="a">Australia</subfield></datafield><datafield tag="653" ind1=" " ind2="0"><subfield code="a">senescence</subfield></datafield><datafield tag="700" ind1="1" ind2=" "><subfield code="a">Sanders, Gregor J.</subfield><subfield code="e">author</subfield></datafield><datafield tag="700" ind1="1" ind2=" "><subfield code="a">Bridle, Kerry L.</subfield><subfield code="e">author</subfield></datafield><datafield tag="700" ind1="1" ind2=" "><subfield code="a">Nichols, Scott C.</subfield><subfield code="e">author</subfield></datafield><datafield tag="700" ind1="1" ind2=" "><subfield code="a">Harris, Rowan</subfield><subfield code="e">author</subfield></datafield><datafield tag="700" ind1="1" ind2=" "><subfield code="a">Bowman, David M. J. S.</subfield><subfield code="e">author</subfield></datafield><datafield tag="773" ind1="0" ind2=" "><subfield code="t">Regional environmental change.</subfield><subfield code="g">2013 Oct., v. 13, no. 5 p.955-967</subfield><subfield code="d">Springer-Verlag</subfield><subfield code="x">1436-3798</subfield><subfield code="7">nnas</subfield></datafield><datafield tag="787" ind1="1" ind2=" "><subfield code="o">islandora_article_repository</subfield></datafield><datafield tag="787" ind1="1" ind2=" "><subfield code="o">product_pubag</subfield></datafield><datafield tag="787" ind1="1" ind2=" "><subfield code="o">(Journal)J000000303</subfield></datafield><datafield tag="856" ind1="4" ind2="0"><subfield code="u">http://dx.doi.org/10.1007/s10113-012-0396-0</subfield><subfield code="3">Available from publisher's site</subfield></datafield><datafield tag="912" ind1=" " ind2=" "><subfield code="a">Article</subfield></datafield><datafield tag="914" ind1=" " ind2=" "><subfield code="a">Journal:J000000303</subfield><subfield code="b">1436-3798</subfield><subfield code="c">13</subfield><subfield code="d">5</subfield><subfield code="e">955</subfield></datafield><datafield tag="914" ind1=" " ind2=" "><subfield code="f">Regional environmental change</subfield></datafield><datafield tag="917" ind1=" " ind2=" "><subfield code="a">issued</subfield></datafield><datafield tag="918" ind1="2" ind2=" "><subfield code="a">Springer</subfield><subfield code="e">provider</subfield><subfield code="5">DNAL</subfield></datafield><datafield tag="935" ind1=" " ind2=" "><subfield code="a">IND500694471</subfield><subfield code="9">ExL</subfield></datafield><datafield tag="949" ind1=" " ind2=" "><subfield code="a">2013-12-09</subfield></datafield><datafield tag="953" ind1=" " ind2=" "><subfield code="a">ftp_PUB_13-09-25_06-12-01.zip</subfield></datafield><datafield tag="962" ind1=" " ind2=" "><subfield code="a">Journal title changed from 'Reg Environ Change'</subfield></datafield><datafield tag="962" ind1=" " ind2=" "><subfield code="a">Batch:381 annotated on 2013-11-18T10:05:47Z</subfield></datafield><datafield tag="962" ind1=" " ind2=" "><subfield code="a">Batch:381 reviewed on 2013-11-27T14:00:03Z</subfield></datafield><datafield tag="962" ind1=" " ind2=" "><subfield code="a">Batch:381 reviewed on 2013-12-09T04:00:03Z</subfield></datafield><datafield tag="974" ind1=" " ind2=" "><subfield code="a">agid:608120</subfield></datafield><datafield tag="983" ind1=" " ind2=" "><subfield code="a">2015-02-09</subfield></datafield><datafield tag="984" ind1=" " ind2=" "><subfield code="a">2015-02-09</subfield></datafield></record>