<record><leader>06085nab a2200865 u 4500</leader><controlfield tag="001">9916117447507426</controlfield><controlfield tag="005">20221121201543.0</controlfield><controlfield tag="008">200515e20180701xx |||||o|||||||||||eng||</controlfield><datafield tag="" ind1="7" ind2=" "><subfield code="a">IND606339187</subfield><subfield code="2">DNAL</subfield></datafield><datafield tag="024" ind1="7" ind2=" "><subfield code="a">10.1/j.foreco.2018.03.028</subfield><subfield code="2">doi</subfield></datafield><datafield tag="035" ind1=" " ind2=" "><subfield code="a">agid:6339187-01nal_inst</subfield></datafield><datafield tag="040" ind1=" " ind2=" "><subfield code="a">AGL</subfield><subfield code="b">eng</subfield><subfield code="c">AGL</subfield></datafield><datafield tag="100" ind1="1" ind2=" "><subfield code="a">Nydick, Koren R.</subfield><subfield code="e">author</subfield><subfield code="u">Division of Resources Management and Science, Sequoia and Kings Canyon National Parks, Three Rivers, CA 93271, United States</subfield></datafield><datafield tag="245" ind1="1" ind2="0"><subfield code="a">Leaf to landscape responses of giant sequoia to hotter drought: An introduction and synthesis for the special section</subfield></datafield><datafield tag="300" ind1=" " ind2=" "><subfield code="a">p. 249-256.</subfield></datafield><datafield tag="520" ind1=" " ind2=" "><subfield code="a">Hotter droughts are becoming more common as climate change progresses, and they may already have caused instances of forest dieback on all forested continents. Learning from hotter droughts, including where on the landscape forests are more or less vulnerable to these events, is critical to help resource managers proactively prepare for the future. As part of our Leaf to Landscape Project, we measured the response of giant sequoia, the world’s largest tree species, to the extreme 2012–2 hotter drought in California. The project integrated leaf-level physiology measurements, crown-level foliage dieback surveys, and remotely sensed canopy water content (CWC) to shed light on mechanisms and spatial patterns in drought response. Here we summarize initial findings, present a conceptual model of drought response, and discuss management implications; details are presented in the other four articles of the special section on Giant Sequoias and Drought. Giant sequoias exhibited both leaf- and canopy-level responses that were effective in protecting whole-tree hydraulic integrity for the vast majority of individual sequoias. Very few giant sequoias died during the drought compared to other mixed conifer tree species; however, the magnitude of sequoia drought response varied across the landscape. This variability was partially explained by local site characteristics, including variables related to site water balance. We found that low CWC is an indicator of recent foliage dieback, which occurs when stress levels are high enough that leaf-level adjustments alone are insufficient for giant sequoias to maintain hydraulic integrity. CWC or change in CWC may be useful indicators of drought stress that reveal patterns of vulnerability to future hotter droughts. Future work will measure recovery from the drought and strengthen our ability to interpret CWC maps. Our ultimate goal is to produce giant sequoia vulnerability maps to help target management actions, such as reducing other stressors, increasing resistance to hotter drought through prescribed fire or mechanical thinning, and planting sequoias in projected future suitable habitat, which may occur outside current grove distributions. We suggest that managers compare different types of vulnerability assessments and combine vulnerability maps with other sources of information to inform decisions.</subfield></datafield><datafield tag="592" ind1=" " ind2=" "><subfield code="a">Publisher supplied data</subfield></datafield><datafield tag="593" ind1=" " ind2=" "><subfield code="a">PubAg article</subfield></datafield><datafield tag="650" ind1=" " ind2="3"><subfield code="a">Sequoia</subfield></datafield><datafield tag="650" ind1=" " ind2="3"><subfield code="a">Sequoiadendron giganteum</subfield></datafield><datafield tag="650" ind1=" " ind2="3"><subfield code="a">canopy</subfield></datafield><datafield tag="650" ind1=" " ind2="3"><subfield code="a">climate change</subfield></datafield><datafield tag="650" ind1=" " ind2="3"><subfield code="a">conifers</subfield></datafield><datafield tag="650" ind1=" " ind2="3"><subfield code="a">dieback</subfield></datafield><datafield tag="650" ind1=" " ind2="3"><subfield code="a">drought</subfield></datafield><datafield tag="650" ind1=" " ind2="3"><subfield code="a">forests</subfield></datafield><datafield tag="650" ind1=" " ind2="3"><subfield code="a">habitats</subfield></datafield><datafield tag="650" ind1=" " ind2="3"><subfield code="a">information sources</subfield></datafield><datafield tag="650" ind1=" " ind2="3"><subfield code="a">landscapes</subfield></datafield><datafield tag="650" ind1=" " ind2="3"><subfield code="a">leaves</subfield></datafield><datafield tag="650" ind1=" " ind2="3"><subfield code="a">models</subfield></datafield><datafield tag="650" ind1=" " ind2="3"><subfield code="a">physiology</subfield></datafield><datafield tag="650" ind1=" " ind2="3"><subfield code="a">planting</subfield></datafield><datafield tag="650" ind1=" " ind2="3"><subfield code="a">prescribed burning</subfield></datafield><datafield tag="650" ind1=" " ind2="3"><subfield code="a">risk assessment</subfield></datafield><datafield tag="650" ind1=" " ind2="3"><subfield code="a">surveys</subfield></datafield><datafield tag="650" ind1=" " ind2="3"><subfield code="a">trees</subfield></datafield><datafield tag="650" ind1=" " ind2="3"><subfield code="a">water content</subfield></datafield><datafield tag="650" ind1=" " ind2="3"><subfield code="a">water stress</subfield></datafield><datafield tag="651" ind1=" " ind2="3"><subfield code="a">California</subfield></datafield><datafield tag="653" ind1=" " ind2="0"><subfield code="a">Adaptation</subfield></datafield><datafield tag="653" ind1=" " ind2="0"><subfield code="a">Climate change</subfield></datafield><datafield tag="653" ind1=" " ind2="0"><subfield code="a">Hotter drought</subfield></datafield><datafield tag="653" ind1=" " ind2="0"><subfield code="a">Giant sequoia</subfield></datafield><datafield tag="653" ind1=" " ind2="0"><subfield code="a">Refugia</subfield></datafield><datafield tag="653" ind1=" " ind2="0"><subfield code="a">Remote sensing</subfield></datafield><datafield tag="653" ind1=" " ind2="0"><subfield code="a">Sequoia and Kings Canyon National Parks</subfield></datafield><datafield tag="653" ind1=" " ind2="0"><subfield code="a">Vulnerability</subfield></datafield><datafield tag="700" ind1="1" ind2=" "><subfield code="a">Stephenson, Nathan L.</subfield><subfield code="e">author</subfield><subfield code="u">U.S. Geological Survey, Western Ecological Research Center, Three Rivers, CA 93271, United States</subfield></datafield><datafield tag="700" ind1="1" ind2=" "><subfield code="a">Ambrose, Anthony R.</subfield><subfield code="e">author</subfield><subfield code="u">Department of Environmental Science, Policy, and Management, University of California, Berkeley, CA 94720, United States</subfield></datafield><datafield tag="700" ind1="1" ind2=" "><subfield code="a">Asner, Gregory P.</subfield><subfield code="e">author</subfield><subfield code="u">Department of Global Ecology, Carnegie Institution for Science, Stanford, CA 94305, United States</subfield></datafield><datafield tag="700" ind1="1" ind2=" "><subfield code="a">Baxter, Wendy L.</subfield><subfield code="e">author</subfield><subfield code="u">Department of Environmental Science, Policy, and Management, University of California, Berkeley, CA 94720, United States</subfield></datafield><datafield tag="700" ind1="1" ind2=" "><subfield code="a">Das, Adrian J.</subfield><subfield code="e">author</subfield><subfield code="u">U.S. Geological Survey, Western Ecological Research Center, Three Rivers, CA 93271, United States</subfield></datafield><datafield tag="700" ind1="1" ind2=" "><subfield code="a">Dawson, Todd</subfield><subfield code="e">author</subfield><subfield code="u">Department of Environmental Science, Policy, and Management, University of California, Berkeley, CA 94720, United States</subfield></datafield><datafield tag="700" ind1="1" ind2=" "><subfield code="a">Martin, Roberta E.</subfield><subfield code="e">author</subfield><subfield code="u">Department of Global Ecology, Carnegie Institution for Science, Stanford, CA 94305, United States</subfield></datafield><datafield tag="700" ind1="1" ind2=" "><subfield code="a">Paz-Kagan, Tarin</subfield><subfield code="e">author</subfield><subfield code="u">Department of Global Ecology, Carnegie Institution for Science, Stanford, CA 94305, United States</subfield></datafield><datafield tag="773" ind1="0" ind2=" "><subfield code="t">Forest ecology and management.</subfield><subfield code="g">2018 July 01, v. 419-420 p.249-256</subfield><subfield code="d">Elsevier B.V.</subfield><subfield code="w">Journal:jnl9013</subfield><subfield code="x">0378-1127</subfield><subfield code="7">nnas</subfield></datafield><datafield tag="787" ind1="1" ind2=" "><subfield code="o">islandora_article_repository</subfield></datafield><datafield tag="787" ind1="1" ind2=" "><subfield code="o">product_pubag</subfield></datafield><datafield tag="787" ind1="1" ind2=" "><subfield code="o">(Journal)jnl9013</subfield></datafield><datafield tag="856" ind1="4" ind2="0"><subfield code="u">https://dx.doi.org/10.1/j.foreco.2018.03.028</subfield><subfield code="3">Available from publisher's site</subfield></datafield><datafield tag="912" ind1=" " ind2=" "><subfield code="a">Article</subfield></datafield><datafield tag="914" ind1=" " ind2=" "><subfield code="a">Journal:jnl9013</subfield><subfield code="b">0378-1127</subfield><subfield code="c">419-420</subfield><subfield code="e">249</subfield></datafield><datafield tag="914" ind1=" " ind2=" "><subfield code="f">Forest ecology and management</subfield></datafield><datafield tag="916" ind1=" " ind2=" "><subfield code="a">Batch:2187</subfield></datafield><datafield tag="917" ind1=" " ind2=" "><subfield code="a">issued</subfield></datafield><datafield tag="918" ind1="2" ind2=" "><subfield code="a">Elsevier Consyn</subfield><subfield code="e">provider</subfield><subfield code="5">DNAL</subfield></datafield><datafield tag="935" ind1=" " ind2=" "><subfield code="a">IND606339187</subfield><subfield code="9">ExL</subfield></datafield><datafield tag="949" ind1=" " ind2=" "><subfield code="a">2019-05-03</subfield></datafield><datafield tag="953" ind1=" " ind2=" "><subfield code="a" >/data/metadata/incoming/consyn/149703524951723375-00001-HEAD-ONLY-REVISEDSUBJECTLIST.zip</subfield></datafield><datafield tag="954" ind1=" " ind2=" "><subfield code="a">file:/data/metadata/staging/consyn/S0378112717314822.xml</subfield></datafield><datafield tag="955" ind1=" " ind2=" "><subfield code="a">/data/metadata/staging/consyn/</subfield></datafield><datafield tag="974" ind1=" " ind2=" "><subfield code="a">agid:6339187</subfield></datafield><datafield tag="983" ind1=" " ind2=" "><subfield code="a">2020-05-15</subfield></datafield><datafield tag="984" ind1=" " ind2=" "><subfield code="a">2020-05-15</subfield></datafield></record>