<record><leader>03667nab a2200373 u 4500</leader><controlfield tag="001">9916117619007426</controlfield><controlfield tag="005">20221123034629.0</controlfield><controlfield tag="008">151124e201001 xx |||||o|||||||||||eng||</controlfield><datafield tag="" ind1="7" ind2=" "><subfield code="a">IND601293445</subfield><subfield code="2">DNAL</subfield></datafield><datafield tag="024" ind1="7" ind2=" "><subfield code="a">10.3955/046.084.0104</subfield><subfield code="2">doi</subfield></datafield><datafield tag="035" ind1=" " ind2=" "><subfield code="a">agid:1293445-01nal_inst</subfield></datafield><datafield tag="040" ind1=" " ind2=" "><subfield code="a">AGL</subfield><subfield code="b">eng</subfield><subfield code="c">AGL</subfield></datafield><datafield tag="100" ind1="1" ind2=" "><subfield code="a">Griffiths, Robert P.</subfield><subfield code="e">author</subfield><subfield code="u">Department of Forest Ecosystems and Society, Richardson Hall, Oregon State University, Corvallis, Oregon 97331</subfield></datafield><datafield tag="245" ind1="1" ind2="0"><subfield code="a">Soil Properties in Old-Growth Douglas-Fir Forest Gaps in the Western Cascade Mountains of Oregon</subfield></datafield><datafield tag="300" ind1=" " ind2=" "><subfield code="a">p. 33-45.</subfield></datafield><datafield tag="520" ind1=" " ind2=" "><subfield code="a">This was a study of vegetation and soil properties in tree-fall gaps in a coniferous forest of the Pacific Northwest. It had three objectives: (1) to determine if there are correlations between above-ground vegetation and below-ground soil properties within large 50 m diameter gaps, (2) to determine how large gaps influence forest soils compared with non-gap soils, and (3) to measure the effects of differently sized gaps on gap soils. To address these objectives, circular canopy gaps were created in old-growth Douglas-fir forests of the H. J. Andrews Experimental Forest in the western Oregon Cascade Mountains. To address the first objective, within-gap soil spatial patterns were compared with above ground distributions of both vegetation and large woody debris in two large gaps. Spatial and Pearson correlation analyses showed no consistent correlations between soil characteristics and above ground vegetation and coarse woody debris. With reference to the second objective, statistically significant differences between gap and non-gap soil characteristics were observed. Soil moisture, temperature and denitrification potentials were all elevated in forest 50 m diameter gaps and litter depth, labile C, soil respiration, ββ-gluosidase activity, and ectomytcorrhizal mat concentrations were all reduced. Comparisons between north and south gap soils, showed significant differences in soil characteristics in one but not the other 50 m gap. The third objective was addressed by documenting gap size effects on differences between gap and non gap soil characteristics in two gaps each of 10, 20, 30, and 50 m diameter. Differences between gap and nongap soil moisture, litter depth and ectomycorrhizal mat coverages were essentially the same regardless of gap size. Soil respiration rates and soil organic matter concentrations were similar in 10 m gaps but both lower in gaps 20 m and larger.</subfield></datafield><datafield tag="592" ind1=" " ind2=" "><subfield code="a">Publisher supplied data</subfield></datafield><datafield tag="700" ind1="1" ind2=" "><subfield code="a">Gray, Andrew N.</subfield><subfield code="e">author</subfield><subfield code="u">Department of Forest Ecosystems and Society, Richardson Hall, Oregon State University, and USDA Forest Service, Pacific Northwest Research Station, 3200 Jefferson Way, Corvallis, Oregon 97331</subfield></datafield><datafield tag="700" ind1="1" ind2=" "><subfield code="a">Spies, Thomas A.</subfield><subfield code="e">author</subfield><subfield code="u">Department of Forest Ecosystems and Society, Richardson Hall, Oregon State University, and USDA Forest Service, Pacific Northwest Research Station, 3200 Jefferson Way, Corvallis, Oregon 97331</subfield></datafield><datafield tag="773" ind1="0" ind2=" "><subfield code="t">Northwest science.</subfield><subfield code="g">2010 Jan., v. 84, no. 1 p.33-45</subfield><subfield code="d">Washington State University Press</subfield><subfield code="x">0029-344X</subfield><subfield code="7">nnas</subfield></datafield><datafield tag="787" ind1="1" ind2=" "><subfield code="o">islandora_article_repository</subfield></datafield><datafield tag="787" ind1="1" ind2=" "><subfield code="o">(Journal)19722</subfield></datafield><datafield tag="856" ind1="4" ind2="0"><subfield code="u">http://dx.doi.org/10.3955%2F046.084.0104</subfield><subfield code="3">Available from publisher's site</subfield></datafield><datafield tag="912" ind1=" " ind2=" "><subfield code="a">Article</subfield></datafield><datafield tag="914" ind1=" " ind2=" "><subfield code="a">Journal:19722</subfield><subfield code="b">0029-344X</subfield><subfield code="c">84</subfield><subfield code="d">1</subfield><subfield code="e">33</subfield></datafield><datafield tag="914" ind1=" " ind2=" "><subfield code="f">Northwest science</subfield></datafield><datafield tag="917" ind1=" " ind2=" "><subfield code="a">hold</subfield></datafield><datafield tag="918" ind1="2" ind2=" "><subfield code="a">BioOne</subfield><subfield code="e">provider</subfield><subfield code="5">DNAL</subfield></datafield><datafield tag="935" ind1=" " ind2=" "><subfield code="a">IND601293445</subfield><subfield code="9">ExL</subfield></datafield><datafield tag="953" ind1=" " ind2=" "><subfield code="a">NWSCv84i1-04282209-173870.zip</subfield></datafield><datafield tag="961" ind1=" " ind2=" "><subfield code="a">USDA/FS</subfield></datafield><datafield tag="974" ind1=" " ind2=" "><subfield code="a">agid:1293445</subfield></datafield><datafield tag="983" ind1=" " ind2=" "><subfield code="a">2015-11-24</subfield></datafield><datafield tag="984" ind1=" " ind2=" "><subfield code="a">2015-11-24</subfield></datafield></record>