<record><leader>03805nab a2200565 u 4500</leader><controlfield tag="001">9916117859807426</controlfield><controlfield tag="005">20221121012916.0</controlfield><controlfield tag="008">130327e201301 xx |||||o|||||||||||eng||</controlfield><datafield tag="" ind1="7" ind2=" "><subfield code="a">IND500623790</subfield><subfield code="2">DNAL</subfield></datafield><datafield tag="024" ind1="7" ind2=" "><subfield code="a">10.1007/s10980-012-9827-z</subfield><subfield code="2">doi</subfield></datafield><datafield tag="035" ind1=" " ind2=" "><subfield code="a">agid:544837-01nal_inst</subfield></datafield><datafield tag="040" ind1=" " ind2=" "><subfield code="a">AGL</subfield><subfield code="b">eng</subfield><subfield code="c">AGL</subfield></datafield><datafield tag="100" ind1="1" ind2=" "><subfield code="a">Fisichelli, Nicholas A.</subfield><subfield code="e">author</subfield><subfield code="u">Department of Forest Resources, University of Minnesota, 1530 Cleveland Avenue North, St. Paul, MN, 55108, USA, nfisichelli@gmail.com</subfield></datafield><datafield tag="245" ind1="1" ind2="0"><subfield code="a">Climate and interrelated tree regeneration drivers in mixed temperate–boreal forests</subfield></datafield><datafield tag="300" ind1=" " ind2=" "><subfield code="a">p. 149-159.</subfield></datafield><datafield tag="520" ind1=" " ind2=" "><subfield code="a">Forest compositional shifts in response to climate change are likely to be initially detectable in the understory tree regeneration layer near species range limits. Because many factors in addition to climate, such as seedbed and soil characteristics, overstory composition, and interactions with other understory biota, drive tree regeneration trends, a thorough understanding of the relative importance of all variables as well as their interrelationships is needed. The range limits of several widespread temperate and boreal tree species overlap in the upper Great Lakes region, USA, thus facilitating an observational study over relatively short regional climate gradients. We used redundancy analysis and variation partitioning to quantify the unique, shared, and total explanatory power of four sets of explanatory variables. The results showed that all four variable sets (climate 9.5 %, understory environment 13.7 %, overstory composition 26.3 %, and understory biota 13.8 %) were significantly associated with tree regeneration compositional variation in mixed temperate–boreal forests. Partitioning also revealed high confounded or shared explanatory power, but also that each set contributed significant unique explanatory power not shared with other sets. Spatial patterning in regeneration composition was strongly related to broad scale environmental patterns, while the large majority of unexplained variation did not have a detectable spatial structure, suggesting factors with local scale variability. Future forest shifts across the landscape will depend not only on the rate and direction of climate change but also on how the strengths and interrelationships among other explanatory variables, such as overstory composition and understory biota, shift with a changing climate.</subfield></datafield><datafield tag="592" ind1=" " ind2=" "><subfield code="a">Publisher supplied data</subfield></datafield><datafield tag="593" ind1=" " ind2=" "><subfield code="a">PubAg article</subfield></datafield><datafield tag="650" ind1=" " ind2="3"><subfield code="a">climate</subfield></datafield><datafield tag="650" ind1=" " ind2="3"><subfield code="a">climate change</subfield></datafield><datafield tag="650" ind1=" " ind2="3"><subfield code="a">forests</subfield></datafield><datafield tag="650" ind1=" " ind2="3"><subfield code="a">landscapes</subfield></datafield><datafield tag="650" ind1=" " ind2="3"><subfield code="a">observational studies</subfield></datafield><datafield tag="650" ind1=" " ind2="3"><subfield code="a">overstory</subfield></datafield><datafield tag="650" ind1=" " ind2="3"><subfield code="a">trees</subfield></datafield><datafield tag="650" ind1=" " ind2="3"><subfield code="a">understory</subfield></datafield><datafield tag="651" ind1=" " ind2="3"><subfield code="a">Great Lakes region</subfield></datafield><datafield tag="651" ind1=" " ind2="3"><subfield code="a">United States</subfield></datafield><datafield tag="700" ind1="1" ind2=" "><subfield code="a">Frelich, Lee E.</subfield><subfield code="e">author</subfield></datafield><datafield tag="700" ind1="1" ind2=" "><subfield code="a">Reich, Peter B.</subfield><subfield code="e">author</subfield></datafield><datafield tag="773" ind1="0" ind2=" "><subfield code="t">Landscape ecology.</subfield><subfield code="g">2013 Jan., v. 28, no. 1 p.149-159</subfield><subfield code="d">Springer-Verlag</subfield><subfield code="x">0921-2973</subfield><subfield code="7">nnas</subfield></datafield><datafield tag="787" ind1="1" ind2=" "><subfield code="o">islandora_article_repository</subfield></datafield><datafield tag="787" ind1="1" ind2=" "><subfield code="o">product_pubag</subfield></datafield><datafield tag="787" ind1="1" ind2=" "><subfield code="o">(Journal)jnl3870067</subfield></datafield><datafield tag="856" ind1="4" ind2="0"><subfield code="u">http://dx.doi.org/10.1007/s10980-012-9827-z</subfield></datafield><datafield tag="912" ind1=" " ind2=" "><subfield code="a">Article</subfield></datafield><datafield tag="914" ind1=" " ind2=" "><subfield code="a">Journal:jnl3870067</subfield><subfield code="b">0921-2973</subfield><subfield code="c">28</subfield><subfield code="d">1</subfield><subfield code="e">149</subfield></datafield><datafield tag="914" ind1=" " ind2=" "><subfield code="f">Landscape ecology</subfield></datafield><datafield tag="917" ind1=" " ind2=" "><subfield code="a">issued</subfield></datafield><datafield tag="918" ind1="2" ind2=" "><subfield code="a">Springer</subfield><subfield code="e">provider</subfield><subfield code="5">DNAL</subfield></datafield><datafield tag="935" ind1=" " ind2=" "><subfield code="a">IND500623790</subfield><subfield code="9">ExL</subfield></datafield><datafield tag="949" ind1=" " ind2=" "><subfield code="a">2013-12-09</subfield></datafield><datafield tag="951" ind1=" " ind2=" "><subfield code="a">2013-03-25</subfield></datafield><datafield tag="953" ind1=" " ind2=" "><subfield code="a">ftp_PUB_13-03-22_06-04-20.zip</subfield></datafield><datafield tag="962" ind1=" " ind2=" "><subfield code="a">Journal title changed from 'Landscape Ecol'</subfield></datafield><datafield tag="962" ind1=" " ind2=" "><subfield code="a">Batch:383 annotated on 2013-11-18T11:24:39Z</subfield></datafield><datafield tag="962" ind1=" " ind2=" "><subfield code="a">Batch:383 reviewed on 2013-11-27T14:00:03Z</subfield></datafield><datafield tag="962" ind1=" " ind2=" "><subfield code="a">Batch:383 reviewed on 2013-12-06T16:00:02Z</subfield></datafield><datafield tag="962" ind1=" " ind2=" "><subfield code="a">Batch:383 reviewed on 2013-12-09T04:00:03Z</subfield></datafield><datafield tag="974" ind1=" " ind2=" "><subfield code="a">agid:544837</subfield></datafield></record>