<record><leader>04828nab a2200805 u 4500</leader><controlfield tag="001">9916117940907426</controlfield><controlfield tag="005">20221122040828.0</controlfield><controlfield tag="008">190215e201409 xx |||||o|||||||||||eng||</controlfield><datafield tag="" ind1="7" ind2=" "><subfield code="a">IND605360942</subfield><subfield code="2">DNAL</subfield></datafield><datafield tag="024" ind1="7" ind2=" "><subfield code="a">10.1/j.biocon.2014.06.014</subfield><subfield code="2">doi</subfield></datafield><datafield tag="024" ind1="7" ind2=" "><subfield code="a">10.1/j.biocon.2014.06.014</subfield><subfield code="2">chorus</subfield></datafield><datafield tag="035" ind1=" " ind2=" "><subfield code="a">agid:5360942-01nal_inst</subfield></datafield><datafield tag="040" ind1=" " ind2=" "><subfield code="a">AGL</subfield><subfield code="b">eng</subfield><subfield code="c">AGL</subfield></datafield><datafield tag="100" ind1="1" ind2=" "><subfield code="a">Hoban, Sean</subfield><subfield code="e">author</subfield><subfield code="u">National Institute for Mathematical and Biological Synthesis, University of Tennessee, Knoxville, USA</subfield></datafield><datafield tag="245" ind1="1" ind2="0"><subfield code="a">Optimal sampling of seeds from plant populations for ex-situ conservation of genetic biodiversity, considering realistic population structure</subfield></datafield><datafield tag="300" ind1=" " ind2=" "><subfield code="a">p. 90-99.</subfield></datafield><datafield tag="520" ind1=" " ind2=" "><subfield code="a">As habitat loss accelerates, there is pressing need to preserve plant genetic diversity in ex situ conservation collections. Population structure (i.e. subdivision), which is common in plants, may be an important consideration when planning such collections because it results in locally restricted alleles or traits, which have high conservation, ecological, or economic value. Nonetheless, common protocols for ex situ collections do not consider population structure. To help inform collection decisions, we utilize computer simulations with different levels of realistic hierarchical population structure to evaluate the expected performance of an array of sample sizes and several spatial distributions of sampled populations. We quantify how population structure affects the expected probability of capturing alleles (especially rare alleles). We also test the effect of family-level structure due to pollen pool composition (e.g., sibling clusters). Our findings suggest that when range-wide population structure exists, the spatial distribution of sampled populations is crucial: sampling one population per region (dispersed sampling) captured up to 175% more alleles than sampling all populations in one region (constrained sampling), and nearly as much as sampling all existing populations. The spatial effect is strongest for poorly-connected (low gene flow) species. Under realistic population structure, moderate sampling (25–30 individuals per population) from few but widely-spaced populations performs optimally; this differs from previous recommended guidelines that do not consider structure. There is smaller effect of the pollen pool composition on collection performance. We conclude that seed collection plans should incorporate spatial considerations, especially for poorly-connected taxa. Our simulation approach can be extended to particular species and other spatial patterns. We use the butternut tree as a case study for collection planning.</subfield></datafield><datafield tag="592" ind1=" " ind2=" "><subfield code="a">Publisher supplied data</subfield></datafield><datafield tag="593" ind1=" " ind2=" "><subfield code="a">PubAg article</subfield></datafield><datafield tag="596" ind1=" " ind2=" "><subfield code="c">National Institute for Mathematical and Biological Synthesis</subfield><subfield code="d">https://doi.org/10.13039/100008947</subfield></datafield><datafield tag="596" ind1=" " ind2=" "><subfield code="c">USDA</subfield><subfield code="d">https://doi.org/10.13039/100000199</subfield></datafield><datafield tag="596" ind1=" " ind2=" "><subfield code="c">DHS</subfield><subfield code="d">https://doi.org/10.13039/100000180</subfield></datafield><datafield tag="650" ind1=" " ind2="3"><subfield code="a">Juglans cinerea</subfield></datafield><datafield tag="650" ind1=" " ind2="3"><subfield code="a">alleles</subfield></datafield><datafield tag="650" ind1=" " ind2="3"><subfield code="a">biodiversity</subfield></datafield><datafield tag="650" ind1=" " ind2="3"><subfield code="a">case studies</subfield></datafield><datafield tag="650" ind1=" " ind2="3"><subfield code="a">computer simulation</subfield></datafield><datafield tag="650" ind1=" " ind2="3"><subfield code="a">economic valuation</subfield></datafield><datafield tag="650" ind1=" " ind2="3"><subfield code="a">ex situ conservation</subfield></datafield><datafield tag="650" ind1=" " ind2="3"><subfield code="a">gene flow</subfield></datafield><datafield tag="650" ind1=" " ind2="3"><subfield code="a">genetic variation</subfield></datafield><datafield tag="650" ind1=" " ind2="3"><subfield code="a">germplasm conservation</subfield></datafield><datafield tag="650" ind1=" " ind2="3"><subfield code="a">guidelines</subfield></datafield><datafield tag="650" ind1=" " ind2="3"><subfield code="a">habitat destruction</subfield></datafield><datafield tag="650" ind1=" " ind2="3"><subfield code="a">planning</subfield></datafield><datafield tag="650" ind1=" " ind2="3"><subfield code="a">pollen</subfield></datafield><datafield tag="650" ind1=" " ind2="3"><subfield code="a">population structure</subfield></datafield><datafield tag="650" ind1=" " ind2="3"><subfield code="a">probability</subfield></datafield><datafield tag="650" ind1=" " ind2="3"><subfield code="a">seed collecting</subfield></datafield><datafield tag="650" ind1=" " ind2="3"><subfield code="a">seeds</subfield></datafield><datafield tag="653" ind1=" " ind2="0"><subfield code="a">Biodiversity</subfield></datafield><datafield tag="653" ind1=" " ind2="0"><subfield code="a">Ex situ sampling</subfield></datafield><datafield tag="653" ind1=" " ind2="0"><subfield code="a">Genetic diversity</subfield></datafield><datafield tag="653" ind1=" " ind2="0"><subfield code="a">Juglans cinerea</subfield></datafield><datafield tag="653" ind1=" " ind2="0"><subfield code="a">Living collection</subfield></datafield><datafield tag="653" ind1=" " ind2="0"><subfield code="a">Minimum sample size</subfield></datafield><datafield tag="653" ind1=" " ind2="0"><subfield code="a">Optimization</subfield></datafield><datafield tag="653" ind1=" " ind2="0"><subfield code="a">Sample strategy</subfield></datafield><datafield tag="653" ind1=" " ind2="0"><subfield code="a">Seed bank</subfield></datafield><datafield tag="653" ind1=" " ind2="0"><subfield code="a">Simulations</subfield></datafield><datafield tag="700" ind1="1" ind2=" "><subfield code="a">Schlarbaum, Scott</subfield><subfield code="e">author</subfield><subfield code="u">Department of Forestry, Wildlife and Fisheries, University of Tennessee, Knoxville, USA</subfield></datafield><datafield tag="773" ind1="0" ind2=" "><subfield code="t">Biological conservation.</subfield><subfield code="g">2014 Sept., v. 177 p.90-99</subfield><subfield code="d">Elsevier Ltd</subfield><subfield code="w">Journal:jnl44607</subfield><subfield code="x">0006-3207</subfield><subfield code="7">nnas</subfield></datafield><datafield tag="787" ind1="1" ind2=" "><subfield code="o">islandora_article_repository</subfield></datafield><datafield tag="787" ind1="1" ind2=" "><subfield code="o">product_pubag</subfield></datafield><datafield tag="787" ind1="1" ind2=" "><subfield code="o">(Journal)jnl44607</subfield></datafield><datafield tag="856" ind1="4" ind2="0"><subfield code="u">https://dx.doi.org/10.1/j.biocon.2014.06.014</subfield><subfield code="3">Available from publisher's site</subfield></datafield><datafield tag="912" ind1=" " ind2=" "><subfield code="a">Article</subfield></datafield><datafield tag="914" ind1=" " ind2=" "><subfield code="a">Journal:jnl44607</subfield><subfield code="b">0006-3207</subfield><subfield code="c">177</subfield><subfield code="e">90</subfield></datafield><datafield tag="914" ind1=" " ind2=" "><subfield code="f">Biological conservation</subfield></datafield><datafield tag="916" ind1=" " ind2=" "><subfield code="a">Batch:1428</subfield></datafield><datafield tag="917" ind1=" " ind2=" "><subfield code="a">issued</subfield></datafield><datafield tag="918" ind1="2" ind2=" "><subfield code="a">Elsevier Consyn</subfield><subfield code="e">provider</subfield><subfield code="5">DNAL</subfield></datafield><datafield tag="935" ind1=" " ind2=" "><subfield code="a">IND605360942</subfield><subfield code="9">ExL</subfield></datafield><datafield tag="949" ind1=" " ind2=" "><subfield code="a">2020-03-06</subfield></datafield><datafield tag="953" ind1=" " ind2=" "><subfield code="a">/data/metadata/incoming/consyn/46-2-00002-HEAD-ONLY.zip</subfield></datafield><datafield tag="954" ind1=" " ind2=" "><subfield code="a">file:/data/metadata/staging/consyn/S0006320714002419.xml</subfield></datafield><datafield tag="955" ind1=" " ind2=" "><subfield code="a">/data/metadata/staging/consyn/</subfield></datafield><datafield tag="974" ind1=" " ind2=" "><subfield code="a">agid:5360942</subfield></datafield><datafield tag="983" ind1=" " ind2=" "><subfield code="a">2019-02-15</subfield></datafield><datafield tag="984" ind1=" " ind2=" "><subfield code="a">2022-09-02</subfield></datafield></record>