<record><leader>03797nab a2200697 u 4500</leader><controlfield tag="001">9916118131707426</controlfield><controlfield tag="005">20221120064153.0</controlfield><controlfield tag="008">151023e200410 xx |||||o|||||||||||eng||</controlfield><datafield tag="" ind1="7" ind2=" "><subfield code="a">IND604385115</subfield><subfield code="2">DNAL</subfield></datafield><datafield tag="024" ind1="7" ind2=" "><subfield code="a">10.1007/s00248-003-1068-x</subfield><subfield code="2">doi</subfield></datafield><datafield tag="035" ind1=" " ind2=" "><subfield code="a">agid:4385115-01nal_inst</subfield></datafield><datafield tag="040" ind1=" " ind2=" "><subfield code="a">AGL</subfield><subfield code="b">eng</subfield><subfield code="c">AGL</subfield></datafield><datafield tag="100" ind1="1" ind2=" "><subfield code="a">Lydell, C.</subfield><subfield code="e">author</subfield></datafield><datafield tag="245" ind1="1" ind2="2"><subfield code="a">A Population Survey of Members of the Phylum Bacteroidetes Isolated from Salt Marsh Sediments along the East Coast of the United States</subfield></datafield><datafield tag="300" ind1=" " ind2=" "><subfield code="a">p. 263-273.</subfield></datafield><datafield tag="500" ind1=" " ind2=" "><subfield code="a">2019-12-06</subfield></datafield><datafield tag="520" ind1=" " ind2=" "><subfield code="a">The population diversity of cultured isolates of the phylum Bacteroidetes was investigated from salt-marsh sediments. A total of 44 isolates that belonged to this phylum were isolated either from high-dilution plates or from end-dilution most-probable-number (MPN) tubes. The majority of the isolates came from Virginia, with others isolated from salt marshes in Delaware and North Carolina. All the isolates were aerobic Gram-negative, catalase positive small rods that formed uniform colonies; most had either yellow or orange pigmentation. Riboprinting of 40 isolates revealed they were genotypically diverse, consisting of 33 different riboprint patterns; there were four riboprint groups with two or more members. The isolates could be divided into 23 different fatty acid methyl ester (FAME) profiles at the species level with 14 of the profiles being unique to single isolates. One group of 10 isolates was closely related, suggesting this group may be well adapted for life in salt marshes. Thirteen of the isolates were selected for sequencing of the small-subunit ribosomal RNA gene representing a diverse group of isolates that fell within the classes Sphingobacteria and Flavobacteria. Only one of the isolates was &gt;97% similar at the 16S rDNA to a described species of Cytophaga marinoflava; the other isolates were 94 to 96.5% related to undescribed isolates mostly within the class Flavobacteria. There was good concordance between the FAME dendrogram and a phylogenetic tree based on comparison of 16S sequences. There were no obvious temporal or spatial distribution patterns to the isolates, suggesting that this group of bacteria is inherently diverse.</subfield></datafield><datafield tag="592" ind1=" " ind2=" "><subfield code="a">Publisher supplied data</subfield></datafield><datafield tag="593" ind1=" " ind2=" "><subfield code="a">PubAg article</subfield></datafield><datafield tag="650" ind1=" " ind2="3"><subfield code="a">sediments</subfield></datafield><datafield tag="650" ind1=" " ind2="3"><subfield code="a">ribosomal RNA</subfield></datafield><datafield tag="650" ind1=" " ind2="3"><subfield code="a">pigmentation</subfield></datafield><datafield tag="650" ind1=" " ind2="3"><subfield code="a">catalase</subfield></datafield><datafield tag="650" ind1=" " ind2="3"><subfield code="a">ribosomal DNA</subfield></datafield><datafield tag="650" ind1=" " ind2="3"><subfield code="a">phylogeny</subfield></datafield><datafield tag="650" ind1=" " ind2="3"><subfield code="a">Flavobacteria</subfield></datafield><datafield tag="650" ind1=" " ind2="3"><subfield code="a">surveys</subfield></datafield><datafield tag="650" ind1=" " ind2="3"><subfield code="a">Cytophaga marinoflava</subfield></datafield><datafield tag="650" ind1=" " ind2="3"><subfield code="a">fatty acid methyl esters</subfield></datafield><datafield tag="650" ind1=" " ind2="3"><subfield code="a">genes</subfield></datafield><datafield tag="650" ind1=" " ind2="3"><subfield code="a">coasts</subfield></datafield><datafield tag="650" ind1=" " ind2="3"><subfield code="a">Sphingobacteriia</subfield></datafield><datafield tag="650" ind1=" " ind2="3"><subfield code="a">salt marshes</subfield></datafield><datafield tag="650" ind1=" " ind2="3"><subfield code="a">bacteria</subfield></datafield><datafield tag="651" ind1=" " ind2="3"><subfield code="a">Virginia</subfield></datafield><datafield tag="651" ind1=" " ind2="3"><subfield code="a">Delaware</subfield></datafield><datafield tag="651" ind1=" " ind2="3"><subfield code="a">North Carolina</subfield></datafield><datafield tag="653" ind1=" " ind2="0"><subfield code="a">Sphingobacteria</subfield></datafield><datafield tag="700" ind1="1" ind2=" "><subfield code="a">Dowell, L.</subfield><subfield code="e">author</subfield></datafield><datafield tag="700" ind1="1" ind2=" "><subfield code="a">Sikaroodi, M.</subfield><subfield code="e">author</subfield></datafield><datafield tag="700" ind1="1" ind2=" "><subfield code="a">Gillevet, P.</subfield><subfield code="e">author</subfield></datafield><datafield tag="700" ind1="1" ind2=" "><subfield code="a">Emerson, D.</subfield><subfield code="e">author</subfield></datafield><datafield tag="773" ind1="0" ind2=" "><subfield code="t">Microbial ecology.</subfield><subfield code="g">2004 Oct., v. 48, no. 2 p.263-273</subfield><subfield code="d">Springer-Verlag</subfield><subfield code="x">0095-3628</subfield><subfield code="7">nnas</subfield></datafield><datafield tag="787" ind1="1" ind2=" "><subfield code="o">islandora_article_repository</subfield></datafield><datafield tag="787" ind1="1" ind2=" "><subfield code="o">product_pubag</subfield></datafield><datafield tag="787" ind1="1" ind2=" "><subfield code="o">(Journal)jnl46274</subfield></datafield><datafield tag="856" ind1="4" ind2="0"><subfield code="u">http://dx.doi.org/10.1007/s00248-003-1068-x</subfield><subfield code="3">Available from publisher's site</subfield></datafield><datafield tag="912" ind1=" " ind2=" "><subfield code="a">Article</subfield></datafield><datafield tag="914" ind1=" " ind2=" "><subfield code="a">Journal:jnl46274</subfield><subfield code="b">0095-3628</subfield><subfield code="c">48</subfield><subfield code="d">2</subfield><subfield code="e">263</subfield></datafield><datafield tag="914" ind1=" " ind2=" "><subfield code="f">Microbial ecology</subfield></datafield><datafield tag="916" ind1=" " ind2=" "><subfield code="a">Batch:1144</subfield></datafield><datafield tag="917" ind1=" " ind2=" "><subfield code="a">issued</subfield></datafield><datafield tag="918" ind1="2" ind2=" "><subfield code="a">Springer</subfield><subfield code="e">provider</subfield><subfield code="5">DNAL</subfield></datafield><datafield tag="935" ind1=" " ind2=" "><subfield code="a">IND604385115</subfield><subfield code="9">ExL</subfield></datafield><datafield tag="949" ind1=" " ind2=" "><subfield code="a">2015-12-16</subfield></datafield><datafield tag="953" ind1=" " ind2=" "><subfield code="a">ftp_PUB_15-10-05_19-06-59.zip</subfield></datafield><datafield tag="962" ind1=" " ind2=" "><subfield code="a">Journal title changed from 'Microb Ecol'</subfield></datafield><datafield tag="962" ind1=" " ind2=" "><subfield code="a">Batch:1144 reviewed on 2015-12-16T15:00:03Z</subfield></datafield><datafield tag="974" ind1=" " ind2=" "><subfield code="a">agid:4385115</subfield></datafield><datafield tag="983" ind1=" " ind2=" "><subfield code="a">2015-10-23</subfield></datafield><datafield tag="984" ind1=" " ind2=" "><subfield code="a">2015-12-16</subfield></datafield></record></collection> 